"Count","Tradelist Count","Name","Edition","Condition","Language","Foil","Tags","Last Modified","Collector Number","Alter","Proxy","Purchase Price"
"1","1","A Premonition of Your Demise","dsc","Near Mint","English","","","2025-01-30 01:12:26.417000","353","False","False",""
"1","1","Aang's Iceberg","tla","Near Mint","English","","","2025-12-27 02:04:28.330000","5","False","False",""
"1","1","Aang's Journey","tla","Near Mint","English","","","2025-12-27 02:04:28.330000","1","False","False",""
"1","1","Abandon Attachments","tla","Near Mint","English","","","2025-12-27 02:04:28.330000","205","False","False",""
"1","1","Abdel Adrian, Gorion's Ward","clb","Near Mint","English","","","2025-08-23 13:59:47.297000","2","False","False","0.72"
"1","1","Aberrant","40k","Near Mint","English","","","2025-02-10 13:37:44.843000","86","False","False",""
"1","1","Aberrant Manawurm","sos","Near Mint","English","","","2026-05-08 12:02:52.723000","138","False","False",""
"1","1","Aberrant Researcher // Perfected Form","inr","Near Mint","English","","","2025-08-17 02:28:53.167000","52","False","False",""
"1","1","Abiding Grace","mh2","Near Mint","English","","","2025-08-17 02:32:30.037000","1","False","False",""
"1","1","Abrade","scd","Near Mint","English","","","2025-12-20 13:07:15.227000","122","False","False",""
"1","1","Abrade","vow","Near Mint","English","","","2025-08-30 16:37:13.577000","139","False","False",""
"1","1","Abrade","vow","Near Mint","English","","","2025-08-30 16:38:13.703000","139","False","False",""
"1","1","Abrade","vow","Near Mint","English","","","2025-11-04 05:29:54.330000","139","False","False",""
"1","1","Abrade","tdc","Near Mint","English","","","2025-12-25 23:24:21.573000","203","False","False",""
"1","1","Absorb","scd","Near Mint","English","","","2025-12-20 13:06:05.637000","216","False","False",""
"1","1","Abstract Paintmage","sos","Near Mint","English","foil","","2026-05-08 12:02:52.723000","171","False","False",""
"1","1","Abundance","40k","Near Mint","English","","","2025-12-26 23:09:53.907000","210","False","False",""
"1","1","Abundant Growth","pip","Near Mint","English","","","2025-12-20 13:07:15.227000","194","False","False",""
"1","1","Abundant Growth","inr","Near Mint","English","","","2025-03-08 14:32:56.150000","184","False","False",""
"1","1","Abundant Growth","inr","Near Mint","English","","","2025-08-17 01:57:00.577000","406","False","False",""
"1","1","Abundant Maw","inr","Near Mint","English","","","2025-08-17 02:24:43.943000","1","False","False",""
"1","1","Abzan Devotee","tdm","Near Mint","English","","","2025-04-12 21:46:46.227000","68","False","False",""
"1","1","Academy Journeymage","j25","Near Mint","English","","","2025-03-08 19:06:48.603000","281","False","False",""
"1","1","Academy Manufactor","mkc","Near Mint","English","","","2025-12-26 23:09:53.907000","221","False","False",""
"1","1","Academy Manufactor","mh2","Near Mint","English","","","2026-06-16 17:08:32.460000","219","False","False","5.23"
"1","1","Academy Manufactor","sld","Near Mint","English","","","2026-06-16 17:08:19.097000","7094","False","False",""
"1","1","Accumulate Wisdom","tla","Near Mint","English","","","2025-12-27 02:04:28.330000","44","False","False",""
"1","1","Accursed Marauder","mh3","Near Mint","English","","","2025-12-21 23:05:57.797000","80","False","False",""
"1","1","Accursed Marauder","mh3","Near Mint","English","","","2025-02-11 08:25:16.427000","80","False","False",""
"1","1","Acidic Slime","tmc","Near Mint","English","","","2026-03-09 11:57:39.163000","48","False","False",""
"1","1","Acidic Slime","m3c","Near Mint","English","","","2025-12-21 22:14:24.187000","218","False","False",""
"1","1","Acidic Slime","cmm","Near Mint","English","","","2025-08-17 01:57:00.577000","270","False","False",""
"1","1","Acolyte Hybrid","40k","Near Mint","English","","","2025-12-25 22:22:14.977000","70","False","False",""
"1","1","Acquired Mutation","pip","Near Mint","English","","","2025-12-20 13:07:15.227000","53","False","False",""
"1","1","Acrobatic Cheerleader","dsk","Near Mint","English","","","2025-02-11 08:25:16.427000","1","False","False",""
"1","1","Adaptive Sporesinger","one","Near Mint","English","","","2025-02-11 08:25:16.427000","157","False","False",""
"1","1","Adarkar Wastes","dsc","Near Mint","English","","","2025-12-22 04:39:45.183000","258","False","False",""
"1","1","Adeline, Resplendent Cathar","tdc","Near Mint","English","","","2026-01-17 00:33:16.020000","108","False","False",""
"1","1","Adorned Crocodile","tdm","Near Mint","English","","","2025-04-12 21:46:51.113000","69","False","False",""
"1","1","Adrenaline Jockey","dft","Near Mint","English","","","2026-01-12 23:36:35.140000","112","False","False",""
"1","1","Adrix and Nev, Twincasters","mkc","Near Mint","English","","","2025-12-26 23:09:53.907000","198","False","False",""
"1","1","Adventurous Eater // Have a Bite","sos","Near Mint","English","","","2026-05-08 12:02:52.723000","72","False","False",""
"1","1","Aegis Turtle","fdn","Near Mint","English","","","2025-02-11 08:25:16.427000","150","False","False",""
"1","1","Aerial Extortionist","mkc","Near Mint","English","","","2025-12-26 23:09:53.907000","54","False","False",""
"1","1","Aerie Auxiliary","mh3","Near Mint","English","","","2025-02-08 22:59:50.663000","18","False","False",""
"1","1","Aerie Auxiliary","mh3","Near Mint","English","foil","","2025-02-11 08:25:16.427000","18","False","False",""
"1","1","Aesi, Tyrant of Gyre Strait","dsc","Near Mint","English","","","2025-12-25 21:39:38.130000","210","False","False",""
"1","1","Aether Channeler","j25","Near Mint","English","","","2025-03-08 19:06:48.603000","283","False","False",""
"1","1","Aether Gale","dsc","Near Mint","English","","","2025-12-22 04:28:59.933000","109","False","False",""
"1","1","Aether Snap","ncc","Near Mint","English","","","2025-12-25 23:04:41.427000","241","False","False",""
"1","1","Aether Spike","mh3","Near Mint","English","","","2025-02-11 08:25:16.427000","50","False","False",""
"1","1","Aether Syphon","dft","Near Mint","English","","","2026-01-12 23:36:35.140000","38","False","False",""
"1","1","Aether Vial","mma","Near Mint","English","","","2025-07-28 19:53:48.347000","197","False","False",""
"1","1","Aetherize","scd","Near Mint","English","","","2025-12-20 13:06:05.637000","42","False","False",""
"1","1","Aetherize","40k","Near Mint","English","","","2025-12-26 16:24:06.143000","191","False","False",""
"1","1","Aetherize","fdn","Near Mint","English","","","2025-02-11 08:25:16.427000","151","False","False",""
"1","1","Aetherjacket","dft","Near Mint","English","","","2025-02-11 08:25:16.427000","230","False","False",""
"1","1","Affectionate Indrik","fdn","Near Mint","English","","","2025-02-11 08:25:16.427000","211","False","False",""
"1","1","Against All Odds","one","Near Mint","English","","","2025-02-11 08:25:16.427000","1","False","False",""
"1","1","Agent Frank Horrigan","pip","Near Mint","English","","","2025-12-20 13:07:15.227000","89","False","False",""
"1","1","Agent of Kotis","tdm","Near Mint","English","","","2025-07-07 02:33:26.940000","36","False","False",""
"1","1","Agent of Kotis","tdm","Near Mint","English","","","2025-06-11 18:45:53.720000","36","False","False",""
"1","1","Agent of Kotis","tdm","Near Mint","English","","","2025-04-12 21:27:58.097000","36","False","False",""
"1","1","Agent of Kotis","tdm","Near Mint","English","","","2025-04-12 21:46:46.227000","36","False","False",""
"1","1","Agent of the Iron Throne","clb","Near Mint","English","","","2025-03-11 01:15:51.343000","107","False","False","1.29"
"1","1","Aggressive Biomancy","m3c","Near Mint","English","","","2025-12-21 22:14:24.187000","121","False","False",""
"1","1","Aggressive Instinct","j25","Near Mint","English","","","2025-05-25 13:56:55.650000","623","False","False",""
"1","1","Aggressive Negotiations","tdm","Near Mint","English","","","2025-04-12 21:46:51.113000","70","False","False",""
"1","1","Agility Bobblehead","pip","Near Mint","English","","","2025-12-26 16:24:06.143000","126","False","False",""
"1","1","Ainok Strike Leader","tdc","Near Mint","English","","","2025-12-26 23:09:53.907000","11","False","False",""
"1","1","Ainok Wayfarer","tdm","Near Mint","English","","","2025-04-12 21:46:51.113000","134","False","False",""
"1","1","Ainok Wayfarer","tdm","Near Mint","English","","","2025-04-12 21:26:52.827000","134","False","False",""
"1","1","Air Response Unit","dft","Near Mint","English","","","2026-01-12 23:13:30.630000","1","False","False",""
"1","1","Air Response Unit","dft","Near Mint","English","foil","","2026-01-12 23:36:35.140000","1","False","False",""
"1","1","Airbending Lesson","tla","Near Mint","English","","","2025-12-27 02:04:28.330000","8","False","False",""
"1","1","Airlift Chaplain","bro","Near Mint","English","","","2025-08-17 02:32:30.037000","2","False","False",""
"1","1","Airship Crash","fin","Near Mint","English","","","2025-08-17 01:57:00.577000","171","False","False",""
"1","1","Airship Engine Room","tla","Near Mint","English","","","2025-12-27 01:55:49.673000","265","False","False",""
"1","1","Ajani, Caller of the Pride","scd","Near Mint","English","","","2025-12-20 13:07:01.870000","6","False","False",""
"1","1","Akoum Hellkite","scd","Near Mint","English","","","2025-12-20 13:07:15.227000","123","False","False",""
"1","1","Akoum Refuge","scd","Near Mint","English","","","2025-11-20 20:51:48.867000","289","False","False",""
"2","2","Alacrian Jaguar","dft","Near Mint","English","","","2026-01-12 22:39:02.787000","152","False","False",""
"1","1","Alacrian Jaguar","dft","Near Mint","English","foil","","2026-01-12 23:36:35.140000","152","False","False",""
"1","1","Alandra, Sky Dreamer","mkc","Near Mint","English","","","2025-12-26 23:09:53.907000","94","False","False",""
"1","1","Alchemist's Assistant","tdm","Near Mint","English","","","2025-04-12 21:46:51.113000","71","False","False",""
"1","1","Alchemist's Refuge","plst","Near Mint","English","foil","","2025-08-30 16:37:13.577000","AVR-225","False","False","2.64"
"1","1","Alchemist's Refuge","soc","Near Mint","English","","","2026-05-08 11:05:31.203000","360","False","False",""
"1","1","Alchemist's Retrieval","vow","Near Mint","English","foil","","2026-02-24 14:18:54.997000","47","False","False","0.27"
"1","1","Alela, Artful Provocateur","brc","Near Mint","English","","","2025-12-25 23:47:11.300000","119","False","False",""
"1","1","Alesha, Who Laughs at Fate","fdn","Near Mint","English","foil","","2025-08-30 16:38:13.703000","115","False","False",""
"1","1","Alesha's Legacy","tdm","Near Mint","English","","","2025-04-12 21:46:46.227000","72","False","False",""
"1","1","Alien","tpip","Near Mint","English","","","2026-02-25 02:50:24.000000","6","False","False",""
"1","1","Alien","tpip","Near Mint","English","","","2026-02-16 05:47:52.607000","6","False","False",""
"1","1","Alien Symbiosis","spm","Near Mint","English","","","2026-02-06 01:41:37.653000","50","False","False",""
"1","1","All That Glitters","pip","Near Mint","English","","","2025-12-20 13:07:15.227000","155","False","False",""
"1","1","All-Fates Scroll","eoe","Near Mint","English","","","2025-08-15 23:44:28.683000","234","False","False",""
"1","1","All-Fates Scroll","eoe","Near Mint","English","","","2025-08-17 03:03:26.607000","234","False","False",""
"1","1","All-Fates Scroll","eoe","Near Mint","English","","","2025-08-17 02:55:43.280000","234","False","False",""
"1","1","All-Fates Stalker","eoe","Near Mint","English","","","2026-01-15 15:56:38.333000","3","False","False",""
"1","1","Ally","ttla","Near Mint","English","","","2026-02-17 11:47:33.627000","8","False","False",""
"1","1","Ally","ttla","Near Mint","English","","","2026-02-17 11:47:33.627000","4","False","False",""
"1","1","Ally","ttla","Near Mint","English","","","2026-02-25 01:38:27.597000","5","False","False",""
"1","1","Almost Perfect","pip","Near Mint","English","","","2025-12-20 13:07:15.227000","90","False","False",""
"1","1","Alpha Deathclaw","pip","Near Mint","English","","","2025-12-20 13:07:15.227000","91","False","False",""
"1","1","Alpharael, Dreaming Acolyte","eoe","Near Mint","English","","","2025-08-15 23:44:34.140000","212","False","False",""
"1","1","Alpharael, Stonechosen","eoe","Near Mint","English","","","2026-02-18 07:52:27.570000","87","False","False","2.02"
"1","1","Altar of Dementia","mh1","Near Mint","English","","","2025-08-19 18:55:05.627000","218","False","False","5.39"
"1","1","Altar of the Brood","slc","Near Mint","English","","","2025-12-26 11:22:41.920000","1","False","False",""
"1","1","Altar of the Goyf","m3c","Near Mint","English","","","2025-12-21 22:15:33.117000","282","False","False",""
"1","1","Altered Ego","soc","Near Mint","English","","","2026-05-08 11:49:04.560000","292","False","False",""
"1","1","Altered Ego","soi","Near Mint","English","","","2025-08-30 16:37:13.577000","241","False","False",""
"1","1","Amazing Acrobatics","spm","Near Mint","English","","","2026-02-06 01:41:37.653000","25","False","False",""
"1","1","Ambition's Cost","scd","Near Mint","English","","","2025-12-20 13:07:15.227000","66","False","False",""
"1","1","Ambulatory Edifice","one","Near Mint","English","foil","","2025-02-11 08:25:16.427000","79","False","False",""
"1","1","Ambulatory Edifice","one","Near Mint","English","","","2024-11-28 06:26:13.653000","79","False","False",""
"1","1","Aminatou, Veil Piercer","dsc","Near Mint","English","foil","","2025-12-25 16:19:37.967000","1","False","False",""
"1","1","Aminatou's Augury","dsc","Near Mint","English","","","2025-12-22 04:28:46.833000","71","False","False",""
"1","1","Amphibian Downpour","mh3","Near Mint","English","","","2025-07-24 16:25:10.740000","51","False","False",""
"1","1","Amphin Mutineer","mkc","Near Mint","English","","","2025-12-20 13:12:20.170000","95","False","False",""
"1","1","Amrou Scout","tsr","Near Mint","English","","","2025-08-17 02:32:30.037000","1","False","False",""
"1","1","An Offer You Can't Refuse","snc","Near Mint","English","","","2025-02-10 13:32:31.687000","51","False","False","2.95"
"1","1","Anafenza, Unyielding Lineage","tdm","Near Mint","English","","","2026-01-17 08:09:57.993000","2","False","False",""
"1","1","Ancestral Vision","tsr","Near Mint","English","","","2025-07-24 16:25:10.740000","52","False","False",""
"1","1","Ancient Cellarspawn","dsc","Near Mint","English","","","2025-12-25 21:39:38.130000","16","False","False",""
"1","1","Ancient Den","brc","Near Mint","English","","","2025-12-26 23:09:53.907000","172","False","False",""
"1","1","Ancient Tomb","eos","Near Mint","English","","","2025-08-19 18:55:05.627000","1","False","False","80.87"
"1","1","Angel","ttdc","Near Mint","English","","","2026-02-25 01:38:27.597000","2","False","False",""
"1","1","Angel","tdsc","Near Mint","English","","","2026-02-16 05:47:52.607000","2","False","False",""
"1","1","Angel","tdsc","Near Mint","English","","","2026-02-25 01:38:49.203000","2","False","False",""
"1","1","Angel","tdsc","Near Mint","English","","","2026-02-25 01:33:43.830000","2","False","False",""
"1","1","Angel of Finality","fdn","Near Mint","English","","","2025-02-11 08:25:16.427000","136","False","False",""
"1","1","Angel of Invention","tdc","Near Mint","English","","","2025-12-25 23:27:31.760000","109","False","False",""
"1","1","Angel of the Ruins","brc","Near Mint","English","","","2026-01-17 08:49:19.037000","68","False","False",""
"1","1","Angelic Purge","inr","Near Mint","English","","","2025-08-17 02:32:30.037000","333","False","False",""
"1","1","Angelic Rocket","ust","Near Mint","English","","","2025-06-11 00:32:00.917000","139","False","False",""
"1","1","Angel's Grace","mma","Near Mint","English","","","2025-08-23 13:59:47.297000","4","False","False","5.00"
"1","1","Anger","m3c","Near Mint","English","","","2025-12-22 12:58:23.480000","208","False","False",""
"1","1","Angler Turtle","scd","Near Mint","English","","","2025-12-20 13:06:05.637000","43","False","False",""
"1","1","Angrath, Captain of Chaos","war","Near Mint","English","","","2026-02-24 16:51:12.733000","227","False","False","0.27"
"1","1","Anguished Unmaking","pip","Near Mint","English","","","2025-08-20 22:57:39.607000","209","False","False",""
"1","1","Animal Friend","pip","Near Mint","English","","","2025-12-20 13:07:15.227000","72","False","False",""
"1","1","Animate Dead","mkc","Near Mint","English","","","2025-08-20 23:02:38.060000","125","False","False",""
"1","1","Animate Library","ust","Near Mint","English","","","2025-06-11 00:32:00.917000","26","False","False",""
"1","1","Animist's Awakening","soc","Near Mint","English","","","2026-05-08 11:49:04.560000","261","False","False",""
"1","1","Animist's Awakening","ori","Good (Lightly Played)","English","","","2025-08-30 16:37:13.577000","169","False","False","1.04"
"1","1","Annihilating Glare","one","Near Mint","English","","","2025-02-11 08:25:16.427000","80","False","False",""
"1","1","Annihilating Glare","one","Near Mint","English","","","2024-11-10 06:23:20.720000","80","False","False",""
"1","1","Annoyed Altisaur","mh3","Near Mint","English","","","2024-11-09 12:39:43.590000","284","False","False",""
"1","1","Annoyed Altisaur","mh3","Near Mint","English","","","2025-02-11 08:25:16.427000","284","False","False",""
"1","1","Annul","eoe","Near Mint","English","","","2025-08-19 18:44:47.930000","46","False","False","0.13"
"1","1","Anoint with Affliction","one","Near Mint","English","","","2024-11-10 06:23:11.973000","81","False","False",""
"1","1","Anoint with Affliction","one","Near Mint","English","","","2025-02-11 08:25:16.427000","81","False","False",""
"1","1","Anthem of Champions // Anthem of Champions","afdn","Near Mint","English","","","2026-01-13 02:50:53.870000","47","False","False",""
"1","1","Anthropede","dsk","Near Mint","English","","","2024-12-26 21:24:57.510000","167","False","False",""
"1","1","Anthropede","dsk","Near Mint","English","","","2025-02-11 08:25:16.427000","167","False","False",""
"1","1","Anticausal Vestige","eoe","Near Mint","English","","","2025-11-25 01:46:54.547000","1","False","False",""
"1","1","Ao, the Dawn Sky","neo","Near Mint","English","","","2025-09-09 20:11:06.930000","2","False","False","2.16"
"1","1","Ape","tm3c","Near Mint","English","","","2026-02-25 02:49:59.590000","14","False","False",""
"1","1","Ape","totc","Near Mint","English","","","2026-02-16 05:48:02.273000","15","False","False",""
"1","1","Ape","ttsr","Near Mint","English","","","2026-02-28 00:35:12.613000","10","False","False",""
"1","1","Apex Devastator","m3c","Near Mint","English","","","2025-12-22 12:58:23.480000","220","False","False",""
"1","1","Apostle of Invasion","one","Near Mint","English","","","2025-02-11 08:25:16.427000","3","False","False",""
"2","2","Apostle of Invasion","one","Near Mint","English","","","2024-11-10 06:29:42.120000","3","False","False",""
"1","1","Apothecary Geist","inr","Near Mint","English","","","2025-08-17 02:32:30.037000","10","False","False",""
"1","1","Apothecary Stomper","fdn","Near Mint","English","","","2025-02-11 08:25:16.427000","99","False","False",""
"1","1","Appeal to Eirdu","ecl","Near Mint","English","","","2026-02-06 02:00:52.383000","5","False","False",""
"1","1","Appendage Amalgam","dsk","Near Mint","English","","","2025-02-11 08:25:16.427000","83","False","False",""
"1","1","Appendage Amalgam","dsk","Near Mint","English","","","2024-12-26 21:27:11.287000","83","False","False",""
"1","1","April O'Neil, Live on the Scene","tmc","Near Mint","English","","","2026-03-09 11:57:39.163000","9","False","False",""
"1","1","Aquitect's Defenses","ecl","Near Mint","English","","","2026-02-06 02:01:14.130000","44","False","False",""
"1","1","Arachnogenesis","dsc","Near Mint","English","","","2025-12-25 21:39:38.130000","169","False","False",""
"1","1","Aradesh, the Founder","pip","Near Mint","English","","","2025-12-20 13:07:15.227000","9","False","False",""
"1","1","Aragorn, the Uniter // Aragorn, the Uniter","altr","Near Mint","English","","","2026-01-13 02:45:08.807000","46","False","False",""
"1","1","Araña, Heart of the Spider","spm","Near Mint","English","","","2026-02-05 17:07:28.883000","213","False","False",""
"1","1","Arashin Sunshield","tdm","Near Mint","English","","","2025-06-11 18:49:46.943000","3","False","False",""
"1","1","Arc Spitter","snc","Near Mint","English","","","2026-01-12 22:25:44.067000","233","False","False",""
"1","1","Arcade Cabinet","tmc","Near Mint","English","","","2026-03-08 22:40:52.887000","36","False","False",""
"1","1","Arcade Gannon","pip","Near Mint","English","","","2025-12-20 13:07:15.227000","92","False","False",""
"1","1","Arcane Bombardment","otc","Near Mint","English","","","2025-12-26 23:09:53.907000","154","False","False",""
"1","1","Arcane Denial","m3c","Near Mint","English","","","2025-12-26 23:36:44.883000","176","False","False",""
"1","1","Arcane Denial","otc","Near Mint","English","","","2026-03-03 03:52:52.540000","89","False","False",""
"1","1","Arcane Denial","dsc","Near Mint","English","","","2025-12-26 23:36:44.883000","110","False","False",""
"1","1","Arcane Epiphany","fdn","Near Mint","English","","","2025-02-11 08:25:16.427000","29","False","False",""
"1","1","Arcane Sanctum","brc","Near Mint","English","","","2025-12-26 01:24:30.883000","173","False","False",""
"1","1","Arcane Sanctum","dsc","Near Mint","English","","","2025-12-22 04:32:22.633000","259","False","False",""
"1","1","Arcane Signet","m3c","Near Mint","English","","","2025-12-21 22:15:33.117000","283","False","False",""
"1","1","Arcane Signet","mkc","Near Mint","English","","","2025-12-25 21:39:52.683000","223","False","False",""
"1","1","Arcane Signet","mkc","Near Mint","English","","","2025-12-20 13:12:20.170000","223","False","False",""
"1","1","Arcane Signet","otc","Near Mint","English","","","2025-12-25 22:34:45.890000","252","False","False",""
"1","1","Arcane Signet","m3c","Near Mint","English","","","2025-08-20 23:03:49.707000","283","False","False",""
"1","1","Arcane Signet","tmc","Near Mint","English","","","2026-03-09 11:57:39.163000","57","False","False",""
"1","1","Arcane Signet","soc","Near Mint","English","","","2026-05-08 11:49:04.560000","127","False","False",""
"1","1","Arcane Signet","ncc","Near Mint","English","","","2025-12-25 22:59:15.073000","360","False","False",""
"1","1","Arcane Signet","pip","Near Mint","English","","","2025-03-06 03:32:31.347000","224","False","False",""
"2","2","Arcane Signet","pip","Near Mint","English","","","2025-11-20 19:08:54.820000","224","False","False",""
"1","1","Arcane Signet","pip","Near Mint","English","","","2025-12-20 13:07:15.227000","224","False","False",""
"1","1","Arcane Signet","dsc","Near Mint","English","","","2025-12-22 11:46:10.653000","92","False","False",""
"1","1","Arcane Signet","dsc","Near Mint","English","","","2025-12-22 11:46:10.653000","92","False","False",""
"1","1","Arcane Signet","dsc","Near Mint","English","","","2025-12-22 04:28:59.933000","92","False","False",""
"1","1","Arcane Signet","brc","Near Mint","English","","","2025-12-26 23:09:53.907000","132","False","False",""
"1","1","Arcane Signet","tdc","Near Mint","English","","","2025-12-25 23:22:42.437000","105","False","False",""
"1","1","Arcane Signet","scd","Near Mint","English","","","2025-11-20 21:11:13.353000","257","False","False",""
"1","1","Arcane Signet","40k","Near Mint","English","","","2025-02-10 13:37:44.843000","227","False","False",""
"1","1","Arcane Signet","scd","Near Mint","English","","","2025-11-20 21:11:13.353000","257","False","False",""
"1","1","Arcane Signet","scd","Near Mint","English","","","2025-12-20 13:07:01.870000","257","False","False",""
"1","1","Arcane Signet","scd","Near Mint","English","","","2025-11-20 21:11:13.353000","257","False","False",""
"1","1","Arcane Signet","scd","Near Mint","English","","","2025-11-20 21:11:13.353000","257","False","False",""
"1","1","Arcbound Condor","mh3","Near Mint","English","","","2025-08-30 16:38:13.703000","81","False","False",""
"1","1","Arcbound Javelineer","mh2","Near Mint","English","","","2025-08-17 02:32:30.037000","2","False","False",""
"1","1","Arcbound Whelp","mh2","Near Mint","English","","","2025-08-17 02:16:26.873000","113","False","False",""
"1","1","Archaic's Agony","sos","Near Mint","English","","","2026-05-08 12:02:52.723000","107","False","False",""
"1","1","Archenemy's Charm","eoe","Near Mint","English","foil","","2025-08-31 16:19:36.423000","88","False","False","1.62"
"1","1","Archetype of Imagination","dsc","Near Mint","English","","","2025-12-22 04:28:46.833000","111","False","False",""
"1","1","Archfiend of Depravity","scd","Near Mint","English","","","2026-01-17 08:07:47.170000","67","False","False",""
"1","1","Archivist","8ed","Near Mint","English","","","2025-08-17 02:28:53.167000","60","False","False",""
"1","1","Archmage Emeritus","otc","Near Mint","English","","","2025-12-26 23:09:53.907000","90","False","False",""
"1","1","Archmage of Runes","fdn","Near Mint","English","","","2025-07-24 16:25:10.740000","30","False","False",""
"1","1","Archon of Cruelty","m3c","Near Mint","English","","","2026-01-17 23:37:22.813000","197","False","False",""
"1","1","Archon of Emeria","znr","Near Mint","English","foil","","2025-08-27 19:08:08.953000","4","False","False","2.70"
"1","1","Archon of Redemption","scd","Near Mint","English","","","2025-12-20 13:06:05.637000","7","False","False",""
"1","1","Ardent Elementalist","mid","Near Mint","English","","","2025-08-17 02:16:26.873000","128","False","False",""
"1","1","Arena Athlete","j25","Near Mint","English","","","2025-05-25 13:56:55.650000","518","False","False",""
"1","1","Argent Dais","mh3","Near Mint","English","","","2026-01-17 08:14:37.367000","20","False","False",""
"1","1","Argentum Masticore","one","Near Mint","English","","","2025-02-11 08:25:16.427000","222","False","False",""
"1","1","Argivian Phalanx","dmu","Near Mint","English","","","2025-08-17 02:32:30.037000","5","False","False",""
"1","1","Arixmethes, Slumbering Isle","dsc","Near Mint","English","","","2025-12-25 16:19:37.967000","211","False","False",""
"1","1","Ark of Hunger","sos","Near Mint","English","","","2026-05-08 12:02:52.723000","173","False","False",""
"1","1","Arlinn, Voice of the Pack","war","Near Mint","English","","","2025-08-17 01:57:00.577000","150","False","False",""
"1","1","Armament Dragon","tdm","Near Mint","English","","","2025-06-11 18:35:16.213000","168","False","False",""
"1","1","Armasaur Guide","fdn","Near Mint","English","","","2025-02-11 08:25:16.427000","3","False","False",""
"1","1","Armasaur Guide","fdn","Near Mint","English","","","2025-02-05 13:23:38.573000","3","False","False",""
"1","1","Armed with Proof","mkc","Near Mint","English","","","2025-12-20 13:12:41.797000","9","False","False",""
"1","1","Armix, Filigree Thrasher","brc","Near Mint","English","","","2025-12-25 23:50:58.330000","103","False","False",""
"1","1","Armored Scrapgorger","one","Near Mint","English","","","2025-02-11 08:25:16.427000","158","False","False",""
"1","1","Armory Paladin","pip","Near Mint","English","","","2025-12-20 13:07:15.227000","93","False","False",""
"1","1","Army of the Damned","scd","Near Mint","English","","","2025-12-26 16:24:06.143000","68","False","False",""
"1","1","Aron, Benalia's Ruin","tdc","Near Mint","English","","","2025-12-25 23:21:42.543000","280","False","False",""
"1","1","Artisan of Kozilek","ncc","Near Mint","English","","","2025-12-25 22:59:15.073000","191","False","False",""
"1","1","Arvinox, the Mind Flail","dsc","Near Mint","English","","","2025-12-22 04:28:46.833000","130","False","False",""
"1","1","Arwen, Mortal Queen","ltr","Near Mint","English","","","2025-07-28 22:08:25.613000","193","False","False",""
"1","1","Arwen's Gift","ltr","Near Mint","English","","","2025-08-17 02:28:53.167000","39","False","False",""
"1","1","Aryel, Knight of Windgrace","cmm","Near Mint","English","","","2025-08-17 01:48:18.500000","336","False","False",""
"1","1","Ascendant Dustspeaker","sos","Near Mint","English","","","2026-05-08 12:02:52.723000","8","False","False",""
"1","1","Ascendant Packleader","vow","Near Mint","English","","","2025-08-17 01:57:00.577000","186","False","False",""
"1","1","Ash Barrens","40k","Near Mint","English","","","2025-02-10 13:37:44.843000","265","False","False",""
"1","1","Ash Barrens","pip","Near Mint","English","","","2025-11-20 14:46:27.920000","253","False","False",""
"1","1","Ash Barrens","pip","Near Mint","English","","","2025-11-20 18:37:46.960000","253","False","False",""
"1","1","Ash Barrens","ncc","Near Mint","English","","","2025-12-26 01:49:44.990000","386","False","False",""
"1","1","Ash Barrens","pip","Near Mint","English","","","2025-11-20 16:24:01.417000","253","False","False",""
"1","1","Ash Barrens","pip","Near Mint","English","","","2025-03-09 18:17:00.523000","253","False","False",""
"1","1","Ash Barrens","tmc","Near Mint","English","","","2026-03-09 11:34:25.013000","60","False","False",""
"1","1","Ash Barrens","mkc","Near Mint","English","","","2025-12-20 13:52:47.830000","248","False","False",""
"1","1","Ash Barrens","dsc","Near Mint","English","","","2025-12-22 04:45:08.467000","260","False","False",""
"1","1","Ash Barrens","dsc","Near Mint","English","","","2025-12-22 04:45:08.467000","260","False","False",""
"1","1","Ash Barrens","dsc","Near Mint","English","","","2025-12-22 04:45:08.467000","260","False","False",""
"1","1","Ash Barrens","brc","Near Mint","English","","","2025-12-26 01:49:44.990000","174","False","False",""
"1","1","Ashaya, Soul of the Wild","dsc","Near Mint","English","","","2025-12-25 21:39:38.130000","170","False","False",""
"1","1","Ashling, Rekindled // Ashling, Rimebound","ecl","Near Mint","English","","","2026-02-05 23:48:45.200000","290","False","False",""
"1","1","Ashnod's Altar","cmm","Near Mint","English","","","2025-07-28 22:05:05.990000","368","False","False",""
"1","1","Ashroot Animist","fdn","Near Mint","English","foil","","2025-02-11 08:25:16.427000","117","False","False",""
"2","2","Aspirant's Ascent","one","Near Mint","English","","","2024-11-10 06:26:58.590000","40","False","False",""
"1","1","Aspirant's Ascent","one","Near Mint","English","","","2025-02-11 08:25:16.427000","40","False","False",""
"1","1","Assassin's Trophy","tmc","Near Mint","English","","","2026-03-09 11:57:39.163000","55","False","False",""
"1","1","Assaultron Dominator","pip","Near Mint","English","","","2025-12-20 13:07:15.227000","54","False","False",""
"1","1","Assemble the Legion","pip","Near Mint","English","","","2025-12-20 13:07:15.227000","210","False","False",""
"1","1","Assert Perfection","ecl","Near Mint","English","","","2026-02-06 02:01:14.130000","164","False","False",""
"1","1","Astelli Reclaimer","eoe","Near Mint","English","","","2026-01-15 06:27:24.970000","4","False","False",""
"1","1","Astor, Bearer of Blades","dmu","Near Mint","English","","","2025-08-17 01:48:18.500000","194","False","False","0.60"
"1","1","Astral Cornucopia","soc","Near Mint","English","","","2026-05-08 11:49:04.560000","342","False","False",""
"1","1","Astral Cornucopia","bng","Near Mint","English","","","2025-08-30 16:37:13.577000","157","False","False","1.39"
"1","1","Atalan Jackal","40k","Near Mint","English","","","2025-08-30 16:37:13.577000","105","False","False",""
"1","1","Atarka Monument","scd","Near Mint","English","","","2025-12-20 13:07:15.227000","258","False","False",""
"1","1","Atarka, World Render","scd","Near Mint","English","etched","","2025-12-26 15:03:51.033000","1","False","False",""
"1","1","Athreos, Shroud-Veiled","dsc","Near Mint","English","","","2025-12-22 04:28:46.833000","212","False","False",""
"1","1","Atmosphere Surgeon","one","Near Mint","English","","","2025-02-11 08:25:16.427000","41","False","False",""
"1","1","Atmospheric Greenhouse","eoe","Near Mint","English","","","2025-08-17 03:03:26.607000","171","False","False",""
"1","1","Atmospheric Greenhouse","eoe","Near Mint","English","","","2025-08-15 23:34:46.170000","171","False","False",""
"1","1","Atomic Microsizer","eoe","Near Mint","English","","","2025-08-15 23:10:59.757000","47","False","False",""
"1","1","Atomize","pip","Near Mint","English","","","2025-12-26 23:09:53.907000","94","False","False",""
"1","1","Atraxa, Grand Unifier","one","Near Mint","English","","","2025-07-24 15:24:35.073000","316","False","False",""
"1","1","Atraxa, Praetors' Voice","oc16","Near Mint","English","foil","","2025-12-22 12:56:24.697000","28","False","False",""
"1","1","Atraxa's Skitterfang","one","Near Mint","English","","","2025-02-11 08:25:38.570000","223","False","False",""
"1","1","Attack-in-the-Box","dsk","Near Mint","English","foil","","2025-02-11 08:25:38.570000","242","False","False",""
"1","1","Attuned Hunter","tdm","Near Mint","English","","","2025-04-12 21:46:46.227000","135","False","False",""
"1","1","Augur of Autumn","dsc","Near Mint","English","","","2025-12-22 04:28:59.933000","171","False","False",""
"1","1","Augur of Bolas","j25","Near Mint","English","","","2025-03-08 19:06:48.603000","286","False","False",""
"1","1","Auntie's Sentence","ecl","Near Mint","English","","","2026-02-06 02:01:14.130000","85","False","False",""
"1","1","Aura Mutation","scd","Near Mint","English","","","2025-11-20 20:29:50.520000","217","False","False",""
"1","1","Auramancer","dsc","Near Mint","English","","","2025-12-22 04:28:46.833000","97","False","False",""
"1","1","Auroral Procession","tdm","Near Mint","English","","","2025-04-12 21:46:46.227000","169","False","False",""
"1","1","Austere Command","brc","Near Mint","English","","","2025-12-25 23:52:22.833000","69","False","False",""
"1","1","Austere Command","pip","Near Mint","English","","","2025-08-23 13:12:20.580000","156","False","False",""
"1","1","Autarch Mammoth","dft","Near Mint","English","","","2025-02-11 08:25:38.570000","153","False","False",""
"1","1","Automated Assembly Line","pip","Near Mint","English","","","2025-12-20 13:07:15.227000","10","False","False",""
"1","1","Auxiliary Boosters","eoe","Near Mint","English","","","2025-08-17 02:55:48.700000","5","False","False",""
"1","1","Auxiliary Boosters","eoe","Near Mint","English","","","2025-08-17 03:03:26.607000","5","False","False",""
"1","1","Auxiliary Boosters","eoe","Near Mint","English","foil","","2025-08-15 22:58:56.797000","5","False","False",""
"1","1","Avacyn, Angel of Hope","cmm","Near Mint","English","","","2025-07-28 22:05:05.990000","14","False","False",""
"1","1","Avacynian Priest","inr","Near Mint","English","foil","","2025-08-17 02:32:30.037000","12","False","False",""
"1","1","Avacyn's Pilgrim","scd","Near Mint","English","","","2025-12-20 13:07:01.870000","171","False","False",""
"1","1","Aven Eternal","war","Near Mint","English","","","2025-08-17 02:28:53.167000","42","False","False",""
"1","1","Aven Gagglemaster","scd","Near Mint","English","","","2025-12-20 13:06:05.637000","8","False","False",""
"1","1","Aven Interrupter","otj","Near Mint","English","","","2025-08-27 19:08:08.953000","4","False","False","5.40"
"1","1","Aven Mindcensor","plg21","Near Mint","English","foil","","2025-08-27 19:08:08.953000","1","False","False","0.41"
"1","1","Avenger of Zendikar","ncc","Near Mint","English","","","2025-12-26 23:09:53.907000","280","False","False",""
"1","1","Avenger of Zendikar","m3c","Near Mint","English","","","2025-12-26 16:24:06.143000","221","False","False",""
"1","1","Avishkar Raceway","dft","Near Mint","English","","","2025-08-17 01:26:28.890000","249","False","False",""
"1","1","Avishkar Raceway","dft","Near Mint","English","","","2026-01-12 23:43:52.813000","249","False","False",""
"1","1","Awaken the Sleeper","one","Near Mint","English","","","2025-02-11 08:25:38.570000","119","False","False",""
"1","1","Awaken the Woods","bro","Near Mint","English","","","2025-08-30 16:37:13.577000","170","False","False","12.86"
"1","1","Axebane Ferox","mkm","Near Mint","English","","","2025-08-17 01:57:00.577000","153","False","False",""
"1","1","Axgard Cavalry","fdn","Near Mint","English","","","2025-02-11 08:25:38.570000","189","False","False",""
"1","1","Axgard Cavalry","fdn","Near Mint","English","","","2025-01-26 15:42:52.433000","189","False","False",""
"1","1","Axiom Engraver","one","Near Mint","English","","","2025-02-11 08:25:38.570000","120","False","False",""
"1","1","Azlask, the Swelling Scourge","m3c","Near Mint","English","","","2025-08-17 01:48:18.500000","5","False","False","0.60"
"1","1","Azorius Chancery","brc","Near Mint","English","","","2025-12-26 01:32:23.650000","175","False","False",""
"1","1","Azorius Chancery","dsc","Near Mint","English","","","2025-12-22 04:39:48.597000","261","False","False",""
"1","1","Azorius Chancery","mkc","Near Mint","English","","","2025-12-20 13:34:09.567000","249","False","False",""
"1","1","Azorius Guildgate","rvr","Near Mint","English","","","2025-08-17 01:26:28.890000","396","False","False",""
"1","1","Azorius Signet","scd","Near Mint","English","","","2025-12-20 13:06:05.637000","259","False","False",""
"1","1","Azorius Signet","dsc","Near Mint","English","","","2025-12-22 04:28:46.833000","240","False","False",""
"1","1","Azorius Signet","mkc","Near Mint","English","","","2025-12-20 13:12:41.797000","224","False","False",""
"1","1","Azorius Signet","brc","Near Mint","English","","","2025-12-25 23:47:11.300000","133","False","False",""
"1","1","Azula Always Lies","tla","Near Mint","English","","","2025-12-27 02:04:28.330000","84","False","False",""
"1","1","Azula, On the Hunt","tla","Near Mint","English","","","2025-12-27 02:04:28.330000","85","False","False",""
"1","1","Azusa's Many Journeys // Likeness of the Seeker","neo","Near Mint","English","","","2025-08-17 01:57:00.577000","172","False","False","0.24"
"1","1","Back for More","otp","Near Mint","English","","","2025-08-17 01:48:18.500000","36","False","False",""
"1","1","Back on Track","dft","Near Mint","English","","","2026-01-12 23:12:16.483000","76","False","False",""
"1","1","Back on Track","dft","Near Mint","English","","","2025-07-07 03:10:01.027000","76","False","False",""
"2","2","Backup Agent","snc","Near Mint","English","","","2024-11-09 13:31:49.807000","2","False","False",""
"1","1","Backup Agent","snc","Near Mint","English","","","2025-08-17 02:32:30.037000","2","False","False",""
"1","1","Badgermole","tla","Near Mint","English","","","2025-12-27 02:04:28.330000","166","False","False",""
"1","1","Badlands Revival","otj","Near Mint","English","foil","","2025-08-17 01:48:18.500000","194","False","False",""
"1","1","Bagel and Schmear","spm","Near Mint","English","","","2026-02-05 20:51:48.950000","161","False","False",""
"1","1","Bagel and Schmear","spm","Near Mint","English","foil","","2026-02-06 01:41:37.653000","161","False","False",""
"1","1","Bake into a Pie","fdn","Near Mint","English","","","2025-02-11 08:25:38.570000","169","False","False",""
"1","1","Baleful Strix","brc","Near Mint","English","","","2025-12-26 23:09:53.907000","120","False","False",""
"1","1","Baleful Strix","mkc","Near Mint","English","","","2025-12-26 23:09:53.907000","200","False","False",""
"1","1","Balemurk Leech","dsk","Near Mint","English","","","2025-02-11 08:25:38.570000","84","False","False",""
"1","1","Ballistic Boulder","ttla","Near Mint","English","","","2026-02-14 12:16:29.313000","13","False","False",""
"1","1","Balustrade Wurm","dsk","Near Mint","English","","","2025-02-11 08:25:38.570000","168","False","False",""
"1","1","Banishing Light","scd","Near Mint","English","","","2025-12-20 13:06:05.637000","9","False","False",""
"1","1","Banishing Light","eoe","Near Mint","English","","","2025-08-17 02:55:58.100000","6","False","False",""
"1","1","Banishing Light","eoe","Near Mint","English","","","2025-08-15 22:53:37.720000","6","False","False",""
"1","1","Banishing Light","j25","Near Mint","English","","","2025-03-08 19:06:48.603000","96","False","False",""
"1","1","Banishing Light","eoe","Near Mint","English","","","2025-08-17 03:03:26.607000","6","False","False",""
"1","1","Baral's Expertise","otc","Near Mint","English","","","2025-12-25 22:44:07.370000","91","False","False",""
"1","1","Barbarian Ring","mh3","Near Mint","English","","","2025-08-30 16:38:13.703000","299","False","False","0.65"
"1","1","Barbed Batterfist","one","Near Mint","English","","","2025-02-11 08:25:38.570000","121","False","False",""
"1","1","Barbed Batterfist","one","Near Mint","English","","","2024-11-28 06:25:42.490000","121","False","False",""
"1","1","Barbed Bloodletter","ecl","Near Mint","English","","","2026-02-06 02:01:14.130000","86","False","False",""
"1","1","Barbed Spike","mh2","Near Mint","English","","","2025-08-17 02:32:30.037000","5","False","False",""
"1","1","Baron Von Count","ust","Near Mint","English","","","2025-06-11 00:32:00.917000","127","False","False",""
"1","1","Barrels of Blasting Jelly","tla","Near Mint","English","","","2025-12-27 02:04:28.330000","254","False","False",""
"1","1","Barren Moor","dsc","Near Mint","English","","","2025-12-22 04:43:19.297000","262","False","False",""
"1","1","Barren Moor","c21","Near Mint","English","","","2025-08-30 16:38:13.703000","277","False","False","0.41"
"1","1","Barrowgoyf","m3c","Near Mint","English","","","2026-01-16 23:50:34.110000","102","False","False",""
"1","1","Bartolomé del Presidio","lci","Near Mint","English","","","2025-08-20 22:55:24.803000","224","False","False",""
"1","1","Bartolomé del Presidio","lci","Near Mint","English","","","2025-08-17 01:48:18.500000","301","False","False",""
"2","2","Basilica Shepherd","one","Near Mint","English","","","2024-11-10 06:29:32.903000","4","False","False",""
"1","1","Basilica Shepherd","one","Near Mint","English","","","2025-02-11 08:25:38.570000","4","False","False",""
"1","1","Basilica Skullbomb","one","Near Mint","English","","","2025-02-11 08:25:38.570000","224","False","False",""
"1","1","Basilisk Collar","pip","Near Mint","English","","","2025-03-06 09:26:00.013000","225","False","False",""
"1","1","Basilisk Gate","m3c","Near Mint","English","","","2025-12-21 22:36:47.260000","320","False","False",""
"1","1","Basking Broodscale","mh3","Near Mint","English","","","2025-02-11 08:25:38.570000","145","False","False",""
"1","1","Basking Capybara","lci","Near Mint","English","","","2025-08-17 01:57:00.577000","175","False","False",""
"1","1","Bastion of Remembrance","pip","Near Mint","English","","","2025-08-20 23:09:25.627000","182","False","False",""
"1","1","Bastion of Remembrance","tdc","Near Mint","English","","","2025-12-25 23:25:29.223000","171","False","False",""
"1","1","Bat","tlci","Near Mint","English","","","2026-01-13 00:59:47.757000","6","False","False",""
"1","1","Battle of Hoover Dam","pip","Near Mint","English","","","2026-02-06 19:58:01.020000","11","False","False",""
"1","1","Battlefield Forge","tdc","Near Mint","English","","","2025-12-26 01:32:19.197000","340","False","False",""
"1","1","Battlefield Promotion","j25","Near Mint","English","","","2025-03-08 19:06:48.603000","173","False","False",""
"1","1","Battle-Scarred Goblin","ltr","Near Mint","English","","","2025-08-17 02:16:26.873000","115","False","False",""
"1","1","Battlesong Berserker","fdn","Near Mint","English","","","2025-02-11 08:25:38.570000","78","False","False",""
"1","1","Baxter, Fly in the Ointment","tmc","Near Mint","English","","","2026-03-09 11:57:39.163000","10","False","False",""
"1","1","Beamsaw Prospector","eoe","Near Mint","English","","","2025-08-17 03:03:26.607000","89","False","False",""
"1","1","Beamsaw Prospector","eoe","Near Mint","English","","","2025-08-15 23:17:19.780000","89","False","False",""
"1","1","Beamtown Beatstick","mom","Near Mint","English","","","2025-03-18 04:53:49.410000","131","False","False","0.19"
"1","1","Beanstalk Giant // Fertile Footsteps","dsc","Near Mint","English","","","2025-12-22 04:28:59.933000","172","False","False",""
"1","1","Bear","ttla","Near Mint","English","","","2026-02-14 12:16:41.957000","12","False","False",""
"1","1","Bear Trap","dsk","Near Mint","English","","","2025-02-11 08:25:38.570000","243","False","False",""
"1","1","Bearer of Glory","tdm","Near Mint","English","","","2025-04-12 21:28:05.253000","4","False","False",""
"1","1","Bearer of Glory","tdm","Near Mint","English","","","2025-04-12 21:46:46.227000","4","False","False",""
"1","1","Beast","tm3c","Near Mint","English","","","2026-02-27 23:28:42.243000","16","False","False",""
"1","1","Beast","tm3c","Near Mint","English","","","2026-02-25 02:49:59.590000","15","False","False",""
"1","1","Beast","tm3c","Near Mint","English","","","2026-02-27 23:29:47.357000","10","False","False",""
"1","1","Beast","tm3c","Near Mint","English","","","2026-02-14 12:16:41.957000","16","False","False",""
"1","1","Beast","tiko","Near Mint","English","foil","","2026-02-27 23:25:24.260000","10","False","False",""
"1","1","Beast","tncc","Near Mint","English","","","2026-02-27 23:24:56.913000","21","False","False",""
"1","1","Beast","tdsc","Near Mint","English","","","2026-02-27 23:31:00.743000","8","False","False",""
"1","1","Beast","tsoc","Near Mint","English","","","2026-05-07 18:29:18.723000","14","False","False",""
"1","1","Beast","tscd","Near Mint","English","","","2026-02-27 22:14:21.840000","19","False","False",""
"1","1","Beast","tsoc","Near Mint","English","","","2026-05-07 19:27:13.373000","14","False","False",""
"1","1","Beast Whisperer","p30a","Near Mint","English","foil","","2025-07-25 13:03:21.703000","26","False","False",""
"1","1","Beast Within","scd","Near Mint","English","","","2025-12-26 23:09:53.907000","172","False","False",""
"1","1","Beast Within","dsc","Near Mint","English","","","2025-12-26 23:09:53.907000","80","False","False",""
"1","1","Beast Within","soc","Near Mint","English","","","2026-05-08 11:49:04.560000","263","False","False",""
"1","1","Beast Within","m3c","Near Mint","English","","","2025-02-10 13:52:26.733000","223","False","False",""
"1","1","Beast-Kin Ranger","fdn","Near Mint","English","","","2025-02-11 08:25:38.570000","100","False","False",""
"1","1","Beastrider Vanguard","dft","Near Mint","English","","","2026-01-12 23:36:35.140000","154","False","False",""
"1","1","Bebop, Skull & Crossbones","tmc","Near Mint","English","","","2026-03-09 11:57:39.163000","15","False","False",""
"1","1","Bedevil","prna","Near Mint","English","foil","","2025-08-30 16:38:13.703000","157p","False","False",""
"2","2","Beetle, Legacy Criminal","spm","Near Mint","English","","","2026-02-05 20:52:12.117000","26","False","False",""
"1","1","Beetle, Legacy Criminal","spm","Near Mint","English","foil","","2026-02-06 01:41:37.653000","26","False","False",""
"1","1","Beetleback Chief","tdc","Near Mint","English","","","2025-12-25 23:24:21.573000","205","False","False",""
"1","1","Behemoth of Vault 0","pip","Near Mint","English","","","2025-12-20 13:07:15.227000","127","False","False",""
"1","1","Behemoth Sledge","pip","Near Mint","English","","","2025-12-20 13:07:15.227000","211","False","False",""
"1","1","Behold the Power of Destruction","dsc","Near Mint","English","","","2025-01-30 01:12:26.417000","328","False","False",""
"1","1","Belligerent Yearling","lci","Near Mint","English","","","2025-08-17 02:16:26.873000","320","False","False",""
"1","1","Bellowing Mauler","ncc","Near Mint","English","","","2025-12-25 23:04:41.427000","33","False","False",""
"1","1","Bender's Waterskin","tla","Near Mint","English","","","2025-12-27 02:04:28.330000","255","False","False",""
"1","1","Benevolent Hydra","soc","Near Mint","English","","","2026-05-08 12:01:13.260000","124","False","False",""
"1","1","Bennie Bracks, Zoologist","mkc","Near Mint","English","","","2026-01-17 00:32:57.357000","57","False","False",""
"1","1","Bespoke Battlewagon","mh3","Near Mint","English","","","2025-02-08 22:56:58.107000","52","False","False",""
"1","1","Bespoke Battlewagon","mh3","Near Mint","English","","","2025-02-11 08:25:38.570000","52","False","False",""
"1","1","Bestial Menace","mic","Near Mint","English","","","2025-08-17 01:56:29.290000","134","False","False",""
"1","1","Bestow Greatness","dft","Near Mint","English","","","2025-02-11 08:25:38.570000","155","False","False",""
"1","1","Bestow Greatness","dft","Near Mint","English","","","2026-01-12 23:11:21.640000","155","False","False",""
"1","1","Beyond the Quiet","eoe","Near Mint","English","","","2025-08-15 22:58:56.797000","7","False","False",""
"1","1","Biblioplex Tomekeeper","sos","Near Mint","English","foil","","2026-05-08 12:02:52.723000","247","False","False",""
"1","1","Bident of Thassa","scd","Near Mint","English","","","2025-12-20 13:06:05.637000","44","False","False",""
"1","1","Bident of Thassa","brc","Near Mint","English","","","2025-12-25 23:50:23.567000","80","False","False",""
"1","1","Big Apple, 3 a.m.","tmc","Near Mint","English","","","2026-03-09 11:30:52.800000","42","False","False",""
"1","1","Big Mother Mouser","tmc","Near Mint","English","","","2026-03-08 22:40:52.887000","37","False","False",""
"1","1","Big Score","otc","Near Mint","English","","","2026-02-18 08:07:06.837000","155","False","False",""
"1","1","Bighorner Rancher","pip","Near Mint","English","","","2025-12-20 13:07:15.227000","73","False","False",""
"1","1","Bile-Vial Boggart","ecl","Near Mint","English","","","2026-02-06 02:01:02.213000","87","False","False",""
"1","1","Billowing Shriekmass","fdn","Near Mint","English","","","2025-02-11 08:25:38.570000","56","False","False",""
"1","1","Binding Negotiation","otj","Near Mint","English","","","2025-08-17 02:24:43.943000","78","False","False",""
"1","1","Binding the Old Gods","dsc","Near Mint","English","","","2025-12-22 04:28:52.863000","213","False","False",""
"1","1","Bioengineered Future","eoe","Near Mint","English","","","2025-08-15 23:38:34.023000","172","False","False",""
"1","1","Biogenic Ooze","tmc","Near Mint","English","","","2026-03-09 11:57:39.163000","49","False","False",""
"1","1","Biomass Mutation","dsc","Near Mint","English","","","2025-12-22 04:28:59.933000","214","False","False",""
"1","1","Biomass Mutation","pip","Near Mint","English","","","2025-12-20 13:07:15.227000","212","False","False",""
"1","1","Biomass Mutation","soc","Near Mint","English","","","2026-05-08 11:49:04.560000","297","False","False",""
"1","1","Biomechan Engineer","eoe","Near Mint","English","","","2025-08-19 18:44:47.930000","213","False","False","0.13"
"1","1","Biophagus","40k","Near Mint","English","","","2025-02-10 13:37:44.843000","87","False","False",""
"1","1","Biosynthic Burst","eoe","Near Mint","English","","","2025-08-17 03:03:26.607000","173","False","False",""
"2","2","Biosynthic Burst","eoe","Near Mint","English","","","2025-08-17 02:56:04.020000","173","False","False",""
"1","1","Biosynthic Burst","eoe","Near Mint","English","","","2025-08-15 23:34:53.860000","173","False","False",""
"1","1","Biotech Specialist","eoe","Near Mint","English","","","2025-08-15 23:44:34.140000","214","False","False",""
"1","1","Bird","ttdm","Near Mint","English","","","2026-02-17 11:47:33.627000","2","False","False",""
"1","1","Bird","tdsc","Near Mint","English","","","2026-02-17 11:47:17.083000","5","False","False",""
"1","1","Bird","tdsc","Near Mint","English","","","2026-02-14 12:16:41.957000","5","False","False",""
"1","1","Bird","tdsc","Near Mint","English","","","2026-02-25 01:38:49.203000","5","False","False",""
"1","1","Bird","tdsc","Near Mint","English","","","2026-02-16 05:47:52.607000","5","False","False",""
"1","1","Bird","tscd","Near Mint","English","","","2026-02-25 02:49:59.590000","2","False","False",""
"1","1","Bird","tdmu","Near Mint","English","","","2026-01-13 00:59:39.510000","2","False","False",""
"1","1","Bird","tscd","Near Mint","English","","","2026-02-25 02:50:24.000000","2","False","False",""
"1","1","Bird","tscd","Near Mint","English","","","2026-02-14 12:16:41.957000","2","False","False",""
"1","1","Bird","tscd","Near Mint","English","","","2026-02-17 11:47:33.627000","2","False","False",""
"1","1","Bird Illusion","totc","Near Mint","English","","","2026-02-14 12:16:41.957000","4","False","False",""
"1","1","Bird Illusion","trvr","Near Mint","English","","","2026-01-13 00:59:31.117000","5","False","False",""
"1","1","Bird Illusion","totc","Near Mint","English","","","2026-02-25 02:49:59.590000","4","False","False",""
"1","1","Birds of Paradise","ltc","Near Mint","English","","","2025-02-10 13:32:31.687000","235","False","False","6.64"
"1","1","Birthday Escape","ltr","Near Mint","English","","","2025-08-17 02:28:53.167000","43","False","False",""
"1","1","Bite Down","fdn","Near Mint","English","foil","","2025-02-10 13:46:56.613000","212","False","False",""
"1","1","Bite Down","fdn","Near Mint","English","","","2025-02-11 08:25:38.570000","212","False","False",""
"1","1","Bitter Downfall","ltr","Near Mint","English","","","2025-08-17 02:24:43.943000","77","False","False",""
"1","1","Bitter Downfall","ltr","Near Mint","English","","","2025-08-14 01:12:22.470000","77","False","False",""
"1","1","Bitter Triumph","tdc","Near Mint","English","","","2026-01-17 08:07:00.247000","173","False","False",""
"1","1","Bituminous Blast","m3c","Near Mint","English","","","2025-12-21 22:15:33.117000","255","False","False",""
"1","1","Black Market","pip","Near Mint","English","","","2025-08-20 23:10:07.567000","183","False","False",""
"1","1","Black Sun's Zenith","mkc","Near Mint","English","","","2025-12-20 13:12:20.170000","126","False","False",""
"1","1","Black Waltz No. 3","fin","Near Mint","English","","","2025-08-17 01:48:18.500000","214","False","False",""
"1","1","Blackcleave Cliffs","one","Near Mint","English","","","2025-11-04 06:15:44.210000","248","False","False","1.31"
"1","1","Blade of Selves","tdc","Near Mint","English","","","2026-01-17 08:07:12.620000","313","False","False",""
"1","1","Blade of the Swarm","eoe","Near Mint","English","","","2025-08-15 23:20:27.733000","90","False","False",""
"1","1","Bladebrand","rvr","Near Mint","English","","","2025-08-17 02:24:43.943000","68","False","False",""
"1","1","Bladed Ambassador","one","Near Mint","English","","","2025-02-11 08:25:38.570000","5","False","False",""
"2","2","Bladegraft Aspirant","one","Near Mint","English","","","2024-11-28 06:25:32.820000","122","False","False",""
"1","1","Bladegraft Aspirant","one","Near Mint","English","","","2025-02-11 08:25:38.570000","122","False","False",""
"1","1","Bladehold War-Whip","one","Near Mint","English","","","2025-02-11 08:25:38.570000","197","False","False",""
"1","1","Bladestitched Skaab","mid","Near Mint","English","","","2025-11-20 21:26:39.390000","212","False","False",""
"1","1","Blasphemous Act","ncc","Near Mint","English","","","2026-02-10 17:08:08.310000","264","False","False",""
"1","1","Blasphemous Act","scd","Near Mint","English","","","2025-11-20 20:43:12.887000","124","False","False",""
"1","1","Blasphemous Act","pip","Near Mint","English","","","2025-08-30 16:38:13.703000","188","False","False",""
"1","1","Blasphemous Act","tmc","Near Mint","English","","","2026-03-09 11:57:39.163000","47","False","False",""
"1","1","Blasphemous Edict","fdn","Near Mint","English","","","2025-03-18 04:53:49.410000","57","False","False",""
"1","1","Blast from the Past","und","Near Mint","English","","","2025-06-11 00:32:00.917000","48","False","False",""
"1","1","Blast Zone","m3c","Near Mint","English","","","2025-08-30 16:37:13.577000","322","False","False",""
"1","1","Blasting Station","5dn","Good (Lightly Played)","English","","","2025-08-27 19:08:08.953000","107","False","False","6.08"
"1","1","Blazemire Verge","dsk","Near Mint","English","","","2025-07-28 19:49:23.767000","256","False","False",""
"1","1","Blazemire Verge","dsk","Near Mint","English","foil","","2025-03-06 04:11:19.897000","256","False","False",""
"2","2","Blazing Crescendo","one","Near Mint","English","","","2024-11-10 05:36:10.353000","123","False","False",""
"1","1","Blazing Crescendo","one","Near Mint","English","","","2025-02-11 08:25:38.570000","123","False","False",""
"1","1","Bleeding Woods","dsk","Near Mint","English","","","2025-08-17 01:26:28.890000","257","False","False",""
"1","1","Blight Rot","ecl","Near Mint","English","","","2026-02-06 02:01:02.213000","89","False","False",""
"2","2","Blightbelly Rat","one","Near Mint","English","","","2024-11-10 06:23:04.577000","85","False","False",""
"1","1","Blightbelly Rat","one","Near Mint","English","","","2025-02-11 08:25:38.570000","289","False","False",""
"1","1","Blighted Woodland","ncc","Near Mint","English","","","2025-12-26 01:47:27.553000","388","False","False",""
"1","1","Blightspeaker","tsr","Near Mint","English","","","2025-08-17 02:24:43.943000","103","False","False",""
"1","1","Blightstep Pathway // Searstep Pathway","khm","Good (Lightly Played)","English","","","2025-03-14 13:02:47.487000","291","False","False","6.73"
"1","1","Bloatfly Swarm","pip","Near Mint","English","","","2025-12-20 13:07:15.227000","42","False","False",""
"1","1","Blood Artist","inr","Near Mint","English","","","2025-08-20 23:21:10.260000","97","False","False",""
"1","1","Blood Aspirant","cmm","Near Mint","English","","","2025-08-17 02:16:26.873000","208","False","False",""
"1","1","Blood Crypt","rtr","Near Mint","English","","","2025-04-19 13:13:58.643000","238","False","False","18.56"
"1","1","Blood Money","lcc","Near Mint","English","","","2025-08-30 16:38:13.703000","183","False","False","2.32"
"1","1","Blood Pet","6ed","Near Mint","English","","","2026-02-24 16:51:12.733000","115","False","False","6.17"
"1","1","Bloodborn Scoundrels","bbd","Near Mint","English","","","2025-08-17 02:24:43.943000","45","False","False",""
"1","1","Bloodbraid Challenger","m3c","Near Mint","English","","","2025-12-21 22:15:33.117000","122","False","False",""
"1","1","Bloodbraid Elf","m3c","Near Mint","English","","","2025-12-21 22:15:33.117000","256","False","False",""
"1","1","Bloodfell Caves","tdm","Near Mint","English","","","2025-06-11 18:31:31.703000","250","False","False",""
"1","1","Bloodfell Caves","dft","Near Mint","English","","","2026-01-12 23:43:52.813000","251","False","False",""
"1","1","Bloodfell Caves","tdm","Near Mint","English","","","2025-08-17 01:26:28.890000","250","False","False",""
"1","1","Bloodfell Caves","fdn","Near Mint","English","","","2025-08-30 16:38:13.703000","259","False","False",""
"1","1","Bloodfell Caves","scd","Near Mint","English","","","2025-11-20 20:56:07.453000","290","False","False",""
"1","1","Bloodforged Battle-Axe","pip","Near Mint","English","","","2025-12-20 13:07:15.227000","226","False","False",""
"1","1","Bloodfray Giant","rvr","Near Mint","English","","","2025-08-17 02:16:26.873000","101","False","False",""
"1","1","Bloodghast","dft","Near Mint","English","","","2026-01-12 22:47:14.060000","77","False","False",""
"1","1","Bloodgift Demon","scd","Near Mint","English","","","2025-12-26 23:09:53.907000","69","False","False",""
"1","1","Bloodmad Vampire","inr","Near Mint","English","","","2025-08-17 02:16:26.873000","145","False","False",""
"1","1","Bloodstained Mire","ktk","Near Mint","English","","","2026-03-09 13:02:13.733000","230","False","False","11.41"
"1","1","Bloodthirsty Adversary","otc","Near Mint","English","","","2025-12-25 22:37:19.180000","157","False","False",""
"1","1","Bloodtithe Harvester","inr","Near Mint","English","foil","","2025-08-17 01:48:18.500000","233","False","False",""
"1","1","Blooming Blast","blb","Near Mint","English","","","2025-08-17 02:16:26.873000","126","False","False",""
"1","1","Blooming Stinger","eoe","Near Mint","English","","","2025-08-17 02:56:11.510000","174","False","False",""
"1","1","Blooming Stinger","eoe","Near Mint","English","","","2025-08-17 03:03:26.607000","174","False","False",""
"1","1","Blooming Stinger","eoe","Near Mint","English","","","2025-08-15 23:35:57.283000","174","False","False",""
"1","1","Blossombind","ecl","Near Mint","English","","","2026-02-06 02:01:14.130000","45","False","False",""
"1","1","Blossoming Defense","scd","Near Mint","English","","","2025-12-20 13:07:15.227000","173","False","False",""
"1","1","Blossoming Sands","tdm","Near Mint","English","","","2025-04-12 21:17:33.190000","251","False","False",""
"1","1","Blossoming Sands","tdm","Near Mint","English","","","2025-06-11 18:31:31.703000","251","False","False",""
"1","1","Blossoming Sands","fdn","Near Mint","English","","","2025-08-17 01:26:28.890000","260","False","False",""
"1","1","Blossoming Sands","scd","Near Mint","English","","","2025-11-20 20:56:07.453000","291","False","False",""
"1","1","Blue Elemental Blast","a25","Near Mint","English","","","2026-03-03 03:52:52.540000","43","False","False","2.38"
"1","1","Blue Sun's Twilight","one","Near Mint","English","","","2025-02-10 13:48:55.983000","43","False","False",""
"1","1","Boar","tm3c","Near Mint","English","","","2026-02-27 23:39:02.303000","17","False","False",""
"1","1","Boar","totc","Near Mint","English","","","2026-02-25 02:50:15.557000","16","False","False",""
"1","1","Boar","tm3c","Near Mint","English","","","2026-02-27 23:39:02.303000","17","False","False",""
"1","1","Boar","tm3c","Near Mint","English","","","2026-02-27 23:39:02.303000","17","False","False",""
"1","1","Boar","tsoc","Near Mint","English","","","2026-05-07 18:29:18.723000","15","False","False",""
"3","3","Boar","tsoc","Near Mint","English","","","2026-05-07 19:27:13.373000","15","False","False",""
"1","1","Boarded Window","inr","Near Mint","English","","","2025-08-17 01:49:37.700000","255","False","False",""
"1","1","Boar-q-pine","tla","Near Mint","English","","","2025-12-27 02:04:28.330000","124","False","False",""
"1","1","Body of Knowledge","dsc","Near Mint","English","","","2025-12-22 04:28:59.933000","112","False","False",""
"1","1","Boggart Mischief","ecl","Near Mint","English","","","2026-02-06 02:01:02.213000","92","False","False",""
"1","1","Boggart Prankster","ecl","Near Mint","English","","","2026-02-06 02:01:14.130000","93","False","False",""
"1","1","Bogwater Lumaret","sos","Near Mint","English","","","2026-05-08 12:02:52.723000","177","False","False",""
"1","1","Boilerbilges Ripper","dsk","Near Mint","English","","","2025-02-11 08:25:48.010000","127","False","False",""
"1","1","Boiling Rock Prison","tla","Near Mint","English","","","2025-12-27 01:55:49.673000","267","False","False",""
"1","1","Bojuka Bog","mkc","Near Mint","English","","","2025-08-23 14:19:16.243000","250","False","False",""
"1","1","Bojuka Bog","tdc","Near Mint","English","","","2025-12-27 00:54:48.980000","341","False","False",""
"1","1","Bojuka Bog","dsc","Near Mint","English","","","2025-12-27 00:54:42.373000","265","False","False",""
"1","1","Bojuka Bog","dsc","Near Mint","English","","","2026-02-18 08:37:50.980000","265","False","False",""
"1","1","Bojuka Bog","brc","Near Mint","English","","","2025-12-26 23:09:53.907000","176","False","False",""
"1","1","Bombard","eoe","Near Mint","English","","","2025-08-17 02:56:15.467000","129","False","False",""
"1","1","Bombard","eoe","Near Mint","English","","","2025-08-17 03:03:26.607000","129","False","False",""
"1","1","Bombard","eoe","Near Mint","English","","","2025-08-15 23:26:00.847000","129","False","False",""
"1","1","Bone Devourer","tdc","Near Mint","English","","","2025-12-25 23:25:29.223000","26","False","False",""
"1","1","Bone Sabres","40k","Near Mint","English","","","2025-12-26 23:09:53.907000","88","False","False",""
"1","1","Boneclub Berserker","ecl","Near Mint","English","","","2026-02-06 00:31:42.857000","126","False","False",""
"1","1","Boneclub Berserker","ecl","Near Mint","English","foil","","2026-02-06 02:01:02.213000","126","False","False",""
"1","1","Bonepicker Skirge","one","Near Mint","English","","","2025-02-11 08:25:48.010000","290","False","False",""
"1","1","Bonepicker Skirge","one","Near Mint","English","","","2024-11-10 06:22:54.500000","86","False","False",""
"1","1","Boneyard Desecrator","otj","Near Mint","English","","","2025-08-17 02:24:43.943000","81","False","False",""
"1","1","Boneyard Desecrator","otj","Near Mint","English","","","2025-04-19 14:13:59.097000","81","False","False",""
"1","1","Boom // Bust","tsr","Near Mint","English","","","2025-12-26 16:24:10.007000","156","False","False",""
"1","1","Boomer Scrapper","pip","Near Mint","English","","","2025-08-30 16:38:13.703000","95","False","False",""
"1","1","Boomer Scrapper","pip","Near Mint","English","","","2025-08-17 01:48:18.500000","408","False","False",""
"1","1","Boosted Sloop","dft","Near Mint","English","","","2025-02-11 08:25:48.010000","190","False","False",""
"1","1","Boosted Sloop","dft","Near Mint","English","","","2026-01-12 23:08:03.897000","190","False","False",""
"1","1","Boosted Sloop","dft","Near Mint","English","","","2025-02-08 01:33:14.540000","190","False","False",""
"1","1","Booster Tutor","unh","Near Mint","English","","","2025-06-11 00:32:00.917000","51","False","False",""
"1","1","Border Guardian","ust","Near Mint","English","","","2025-06-11 00:32:00.917000","140","False","False",""
"1","1","Boromir, Warden of the Tower","ltr","Near Mint","English","","","2025-07-28 22:26:23.960000","302","False","False",""
"1","1","Boros Elite","rvr","Near Mint","English","","","2025-08-17 02:32:30.037000","10","False","False",""
"1","1","Boros Guildmage","rvr","Near Mint","English","","","2025-08-17 01:48:18.500000","168","False","False",""
"1","1","Bottle-Cap Blast","pip","Near Mint","English","","","2025-08-30 16:38:13.703000","55","False","False",""
"1","1","Bottomless Pool // Locker Room","dsk","Near Mint","English","","","2025-12-22 11:41:30.423000","43","False","False",""
"1","1","Boulder Dash","ecl","Near Mint","English","","","2026-02-06 02:01:02.213000","127","False","False",""
"1","1","Boulderborn Dragon","tdm","Near Mint","English","","","2025-04-12 21:46:46.227000","239","False","False",""
"1","1","Bounce Off","dft","Near Mint","English","","","2026-01-12 23:12:46.817000","39","False","False",""
"1","1","Bounce Off","dft","Near Mint","English","","","2026-01-12 23:36:35.140000","39","False","False",""
"1","1","Bountiful Landscape","mh3","Near Mint","English","foil","","2025-08-17 01:26:28.890000","217","False","False",""
"1","1","Bountiful Landscape","mh3","Near Mint","English","","","2025-02-10 13:39:30.940000","217","False","False","0.24"
"2","2","Bountiful Landscape","mh3","Near Mint","English","","","2025-02-08 22:21:32.950000","217","False","False",""
"1","1","Bounty: Miron Tillas Jr. // Wanted!","totc","Near Mint","English","","","2026-02-14 09:50:26.580000","35","False","False",""
"1","1","Bounty: Rissa ""Blades"" Lee // Wanted!","totc","Near Mint","English","","","2026-02-14 09:50:37.120000","38","False","False",""
"1","1","Bounty: Sleepy Sovka // Wanted!","totc","Near Mint","English","","","2026-02-14 09:50:31.730000","39","False","False",""
"1","1","Brainstone","dsc","Near Mint","English","","","2025-12-22 04:28:46.833000","242","False","False",""
"1","1","Brainstorm","mkc","Near Mint","English","","","2025-12-26 23:37:28.820000","96","False","False",""
"1","1","Brainstorm","dsc","Near Mint","English","","","2025-12-25 21:39:38.130000","113","False","False",""
"1","1","Brainsurge","mh3","Near Mint","English","","","2025-02-11 08:25:48.010000","53","False","False","0.24"
"1","1","Brainsurge","mh3","Near Mint","English","","","2024-11-10 05:12:37.333000","53","False","False",""
"1","1","Bramble Wurm","inr","Near Mint","English","","","2025-08-17 01:57:00.577000","187","False","False",""
"1","1","Brambleback Brute","ecl","Near Mint","English","","","2026-02-06 02:01:14.130000","128","False","False",""
"2","2","Branchblight Stalker","one","Near Mint","English","","","2024-11-28 06:23:57.330000","160","False","False",""
"1","1","Branchblight Stalker","one","Near Mint","English","","","2025-02-11 08:25:48.010000","160","False","False",""
"1","1","Branching Evolution","pip","Near Mint","English","","","2026-03-03 03:21:36.740000","195","False","False",""
"1","1","Brandywine Farmer","ltr","Near Mint","English","","","2025-08-17 01:57:00.577000","155","False","False",""
"1","1","Brash Taunter","scd","Near Mint","English","","","2025-12-26 23:09:53.907000","125","False","False",""
"1","1","Brass Infiniscope","soc","Near Mint","English","","","2026-05-08 12:01:13.260000","51","False","False",""
"1","1","Brass Knuckles","pip","Near Mint","English","","","2025-12-20 13:07:15.227000","227","False","False",""
"1","1","Brass's Bounty","rix","Near Mint","English","","","2025-08-30 16:38:13.703000","94","False","False","1.30"
"1","1","Brass's Tunnel-Grinder // Tecutlan, the Searing Rift","lci","Near Mint","English","","","2025-08-30 16:38:13.703000","135","False","False",""
"1","1","Brave-Kin Duo","blb","Near Mint","English","foil","","2025-08-17 02:32:30.037000","3","False","False",""
"1","1","Brawn","m3c","Near Mint","English","","","2025-12-21 22:15:33.117000","224","False","False",""
"1","1","Brazen Scourge","fdn","Near Mint","English","","","2025-02-11 08:25:48.010000","191","False","False",""
"1","1","Break Down","pip","Near Mint","English","","","2025-12-20 13:07:15.227000","74","False","False",""
"1","1","Break Down the Door","dsk","Near Mint","English","","","2024-12-26 21:24:53.693000","170","False","False",""
"1","1","Break Down the Door","dsk","Near Mint","English","","","2025-02-11 08:25:48.010000","170","False","False",""
"1","1","Breaker of Creation","mh3","Near Mint","English","","","2025-02-11 08:25:48.010000","1","False","False",""
"1","1","Breath of Malfegor","scd","Near Mint","English","","","2025-12-20 13:07:15.227000","218","False","False",""
"1","1","Bred for the Hunt","40k","Near Mint","English","","","2025-02-10 13:37:44.843000","222","False","False",""
"1","1","Breeches, Eager Pillager","lci","Near Mint","English","","","2025-08-30 16:38:13.703000","294","False","False","1.31"
"1","1","Breeding Pool","eoe","Near Mint","English","","","2025-08-30 16:37:13.577000","278","False","False",""
"1","1","Breya, Etherium Shaper","2xm","Near Mint","English","","","2025-11-04 06:24:53.067000","192","False","False","1.97"
"1","1","Bridgeworks Battle // Tanglespan Bridgeworks","mh3","Near Mint","English","","","2025-02-10 13:48:16.683000","249","False","False","0.24"
"1","1","Brightclimb Pathway // Grimclimb Pathway","plst","Near Mint","English","","","2025-08-19 18:55:05.627000","ZNR-259","False","False","3.37"
"1","1","Brightfield Glider","dft","Near Mint","English","","","2025-02-11 08:25:48.010000","4","False","False",""
"1","1","Brightfield Glider","dft","Near Mint","English","","","2026-01-12 23:13:30.630000","4","False","False",""
"1","1","Brightfield Mustang","dft","Near Mint","English","","","2026-01-12 23:03:56.223000","5","False","False",""
"1","1","Brightfield Mustang","dft","Near Mint","English","","","2026-01-12 23:13:30.630000","5","False","False",""
"1","1","Brightfield Mustang","dft","Near Mint","English","foil","","2026-01-12 23:36:35.140000","5","False","False",""
"1","1","Brightfield Mustang","dft","Near Mint","English","","","2026-05-08 12:32:03.693000","5","False","False",""
"2","2","Brightspear Zealot","eoe","Near Mint","English","","","2025-08-17 02:56:18.870000","8","False","False",""
"1","1","Brightspear Zealot","eoe","Near Mint","English","","","2025-08-17 03:03:26.607000","8","False","False",""
"1","1","Brightspear Zealot","eoe","Near Mint","English","","","2025-08-15 22:53:52.493000","8","False","False",""
"1","1","Brineborn Cutthroat","fdn","Near Mint","English","","","2025-02-11 08:25:48.010000","152","False","False",""
"1","1","Bring the Ending","one","Near Mint","English","","","2025-02-11 08:25:48.010000","44","False","False",""
"1","1","Bring the Ending","one","Near Mint","English","","","2024-11-10 06:26:41.873000","44","False","False",""
"1","1","Broadcast Rambler","dft","Near Mint","English","","","2025-02-11 08:25:48.010000","6","False","False",""
"1","1","Broadcast Rambler","dft","Near Mint","English","","","2026-01-12 23:13:30.630000","6","False","False",""
"1","1","Broken Wings","dft","Near Mint","English","","","2025-02-11 08:25:48.010000","156","False","False",""
"1","1","Broken Wings","dft","Near Mint","English","","","2026-01-12 23:11:21.640000","156","False","False",""
"1","1","Bronze Calendar","und","Near Mint","English","","","2025-06-11 00:32:00.917000","76","False","False",""
"1","1","Bronze Guardian","brc","Near Mint","English","","","2025-12-26 23:09:53.907000","70","False","False",""
"1","1","Broodguard Elite","eoe","Near Mint","English","","","2025-08-17 03:03:26.607000","175","False","False",""
"1","1","Broodguard Elite","eoe","Near Mint","English","","","2025-08-15 23:36:02.183000","175","False","False",""
"1","1","Broodlord","40k","Near Mint","English","","","2025-08-30 16:37:13.577000","89","False","False",""
"1","1","Broodmate Tyrant","m3c","Near Mint","English","","","2025-12-21 22:15:33.117000","123","False","False",""
"1","1","Broodrage Mycoid","lci","Near Mint","English","","","2025-08-17 02:24:43.943000","95","False","False",""
"1","1","Brotherhood Outcast","pip","Near Mint","English","","","2025-12-20 13:07:15.227000","12","False","False",""
"1","1","Brotherhood Scribe","pip","Near Mint","English","","","2025-12-20 13:07:15.227000","13","False","False",""
"1","1","Brotherhood Vertibird","pip","Near Mint","English","","","2025-12-20 13:07:15.227000","128","False","False",""
"1","1","Brudiclad, Telchor Engineer","brc","Near Mint","English","","","2025-08-17 01:48:18.500000","122","False","False",""
"1","1","Brush Off","sos","Near Mint","English","foil","","2026-05-08 12:02:52.723000","39","False","False",""
"1","1","Brute Suit","neo","Near Mint","English","","","2024-11-09 13:32:42.530000","241","False","False",""
"1","1","Brute Suit","neo","Near Mint","English","","","2025-08-17 01:49:37.700000","241","False","False",""
"1","1","Bulk Up","fdn","Near Mint","English","foil","","2025-12-22 00:58:02.000000","80","False","False",""
"1","1","Bumbling Pangolin","ust","Near Mint","English","","","2025-06-11 00:32:00.917000","78","False","False",""
"1","1","Bumi Bash","tla","Near Mint","English","","","2025-12-27 02:04:28.330000","125","False","False",""
"1","1","Bumi, King of Three Trials","tla","Near Mint","English","","","2025-12-27 02:02:02.650000","169","False","False",""
"1","1","Bumi, King of Three Trials","tla","Near Mint","English","foil","","2025-12-27 02:04:28.330000","169","False","False",""
"1","1","Burglar Rat","fdn","Near Mint","English","","","2025-02-11 08:25:48.010000","170","False","False",""
"1","1","Buried Alive","mh3","Near Mint","English","","","2025-07-24 15:55:15.660000","273","False","False",""
"1","1","Buried Ruin","pip","Near Mint","English","","","2026-02-18 08:14:40.747000","254","False","False",""
"1","1","Buried Ruin","pip","Near Mint","English","","","2025-11-20 14:46:27.920000","254","False","False",""
"1","1","Buried Treasure","lci","Near Mint","English","","","2025-08-17 01:49:37.700000","246","False","False",""
"1","1","Buried Treasure","lci","Near Mint","English","","","2024-11-10 05:08:24.163000","246","False","False",""
"1","1","Burn Bright","rvr","Near Mint","English","","","2025-08-17 02:16:26.873000","103","False","False",""
"1","1","Burn the Accursed","mid","Near Mint","English","","","2024-11-10 03:44:06.167000","132","False","False",""
"1","1","Burn the Accursed","mid","Near Mint","English","","","2025-08-17 02:16:26.873000","132","False","False",""
"1","1","Burner Rocket","dft","Near Mint","English","","","2026-01-12 23:11:50.420000","114","False","False",""
"1","1","Burner Rocket","dft","Near Mint","English","","","2025-07-07 03:11:37.470000","114","False","False",""
"1","1","Burner Rocket","dft","Near Mint","English","foil","","2025-07-07 03:10:01.027000","311","False","False",""
"1","1","Burning Curiosity","ecl","Near Mint","English","","","2026-02-06 02:01:14.130000","129","False","False",""
"1","1","Burning Prophet","rvr","Near Mint","English","","","2025-08-17 02:16:26.873000","104","False","False",""
"1","1","Burnished Hart","scd","Near Mint","English","","","2025-12-20 13:07:15.227000","260","False","False",""
"1","1","Burnished Hart","dsc","Near Mint","English","","","2025-12-22 04:28:52.863000","243","False","False",""
"1","1","Burnished Hart","dsc","Near Mint","English","","","2025-12-22 11:46:26.767000","243","False","False",""
"1","1","Burnished Hart","fdn","Near Mint","English","","","2025-02-11 08:25:48.010000","250","False","False",""
"1","1","Burnished Hart","m3c","Near Mint","English","","","2025-12-21 22:15:33.117000","284","False","False",""
"1","1","Burnout Bashtronaut","dft","Near Mint","English","","","2026-01-12 22:47:14.060000","115","False","False",""
"1","1","Burst Lightning","fdn","Near Mint","English","","","2025-02-11 08:25:48.010000","192","False","False",""
"1","1","Burst Lightning // Burst Lightning","asos","Near Mint","English","","","2026-05-07 18:32:44.120000","51","False","False",""
"1","1","Bursting Beebles","unh","Near Mint","English","","","2025-06-11 00:32:00.917000","28","False","False",""
"1","1","Bushwhack","fdn","Near Mint","English","","","2025-02-11 08:25:48.010000","215","False","False",""
"1","1","Butch DeLoria, Tunnel Snake","pip","Near Mint","English","","","2025-12-20 13:07:15.227000","43","False","False",""
"1","1","Bygone Colossus","eoe","Near Mint","English","","","2025-08-15 23:44:34.140000","235","False","False",""
"1","1","C.A.M.P.","pip","Near Mint","English","","","2025-12-20 13:07:15.227000","129","False","False",""
"1","1","Cabal Pit","plst","Near Mint","English","","","2026-02-18 08:39:01.113000","ODY-315","False","False","1.54"
"1","1","Cabal Ritual","tor","Good (Lightly Played)","English","","","2025-08-27 19:08:08.953000","51","False","False","12.15"
"1","1","Cabaretti Courtyard","snc","Near Mint","English","","","2025-08-17 01:26:28.890000","249","False","False","0.24"
"1","1","Cackling Counterpart","dsc","Near Mint","English","","","2025-12-22 04:28:59.933000","72","False","False",""
"1","1","Cackling Prowler","fdn","Near Mint","English","","","2025-07-07 03:02:22.337000","101","False","False",""
"1","1","Cackling Prowler","fdn","Near Mint","English","","","2025-02-05 13:20:40.030000","101","False","False",""
"1","1","Cackling Prowler","fdn","Near Mint","English","","","2025-02-11 08:25:48.010000","101","False","False",""
"1","1","Cackling Slasher","dsk","Near Mint","English","","","2025-02-11 08:25:48.010000","85","False","False",""
"1","1","Cacophony Scamp","one","Near Mint","English","","","2025-02-11 08:25:48.010000","124","False","False",""
"1","1","Caesar, Legion's Emperor","pip","Near Mint","English","foil","","2025-11-20 15:21:51.673000","1","False","False",""
"1","1","Caesar, Legion's Emperor","pip","Near Mint","English","etched","","2026-01-13 00:05:29.923000","1064","False","False",""
"1","1","Cait, Cage Brawler","pip","Near Mint","English","","","2025-12-20 13:07:15.227000","96","False","False",""
"1","1","Calamity's Wake","bro","Near Mint","English","","","2025-08-23 13:59:47.297000","4","False","False","0.72"
"1","1","Caldaia Guardian","ncc","Near Mint","English","","","2025-12-25 23:02:09.947000","56","False","False",""
"1","1","Call of the Ring","ltr","Near Mint","English","","","2025-08-27 19:08:08.953000","79","False","False","2.70"
"1","1","Call the Spirit Dragons","tdm","Near Mint","English","","","2025-07-24 15:24:35.073000","174","False","False",""
"1","1","Callous Inspector","tla","Near Mint","English","","","2025-12-27 02:04:28.330000","89","False","False",""
"1","1","Camaraderie","scd","Near Mint","English","","","2025-12-20 13:07:01.870000","219","False","False",""
"1","1","Camera Launcher","dft","Near Mint","English","","","2026-01-12 23:08:30.183000","232","False","False",""
"1","1","Camera Launcher","dft","Near Mint","English","","","2025-02-11 08:25:48.010000","232","False","False",""
"1","1","Campus Composer // Aqueous Aria","sos","Near Mint","English","","","2026-05-08 12:02:52.723000","40","False","False",""
"2","2","Campus Guide","fdn","Near Mint","English","","","2025-01-30 01:52:38.500000","251","False","False",""
"1","1","Campus Guide","fdn","Near Mint","English","","","2025-02-11 08:25:48.010000","251","False","False",""
"1","1","Cankerbloom","one","Near Mint","English","","","2025-02-11 08:25:48.010000","294","False","False",""
"1","1","Canopy Vista","scd","Near Mint","English","","","2025-11-20 21:07:45.283000","292","False","False",""
"1","1","Canopy Vista","pip","Near Mint","English","","","2025-11-20 14:46:27.920000","255","False","False",""
"1","1","Canopy Vista","mkc","Near Mint","English","","","2025-12-20 13:34:01.733000","252","False","False",""
"1","1","Can't Stay Away","mid","Near Mint","English","","","2025-08-17 01:48:18.500000","213","False","False","0.60"
"1","1","Canyon Crawler","tla","Near Mint","English","","","2025-12-27 02:04:28.330000","90","False","False",""
"1","1","Canyon Slough","pip","Near Mint","English","","","2025-03-06 03:32:31.347000","256","False","False",""
"1","1","Canyon Slough","m3c","Near Mint","English","","","2025-12-21 22:46:27.523000","325","False","False",""
"1","1","Canyon Slough","tdc","Near Mint","English","","","2025-12-26 01:32:23.650000","344","False","False",""
"1","1","Canyon Vaulter","dft","Near Mint","English","","","2025-02-11 08:25:48.010000","8","False","False",""
"1","1","Canyon Vaulter","dft","Near Mint","English","","","2025-07-07 03:10:09.837000","8","False","False",""
"1","1","Caprichrome","mh2","Near Mint","English","","","2025-08-17 02:32:30.037000","9","False","False",""
"1","1","Capricious Efreet","m10","Near Mint","English","","","2025-08-17 02:16:26.873000","131","False","False",""
"1","1","Capricious Hellraiser","one","Near Mint","English","foil","","2025-02-11 08:25:48.010000","125","False","False",""
"1","1","Captain Howler, Sea Scourge // Captain Howler, Sea Scourge","adft","Near Mint","English","","","2026-01-13 02:42:52.707000","16","False","False",""
"1","1","Captain Lannery Storm","mul","Near Mint","English","","","2025-08-30 16:38:13.703000","20","False","False","0.65"
"1","1","Captain of the Watch","pip","Near Mint","English","","","2025-12-20 13:07:15.227000","157","False","False",""
"1","1","Caradora, Heart of Alacria","dft","Near Mint","English","foil","","2025-02-11 08:25:48.010000","195","False","False",""
"1","1","Carnivorous Canopy","one","Near Mint","English","","","2025-02-11 08:26:00.563000","162","False","False",""
"2","2","Carnivorous Canopy","one","Near Mint","English","","","2024-11-28 06:23:37.267000","162","False","False",""
"1","1","Carnivorous Death-Parrot","unh","Near Mint","English","","","2025-06-11 00:32:00.917000","29","False","False",""
"1","1","Carrion Feeder","ema","Near Mint","English","","","2025-08-29 16:49:04.070000","84","False","False","3.69"
"1","1","Carrion Grub","dsc","Near Mint","English","","","2025-12-22 04:28:52.863000","134","False","False",""
"1","1","Carrot Cake","blb","Near Mint","English","","","2025-08-17 02:32:30.037000","7","False","False",""
"1","1","Cartographer's Hawk","scd","Near Mint","English","","","2025-12-20 13:06:05.637000","10","False","False",""
"1","1","Cascade Bluffs","otc","Near Mint","English","","","2026-03-03 03:57:12.930000","276","False","False",""
"1","1","Case of the Pilfered Proof","mkm","Near Mint","English","","","2025-08-17 02:32:30.037000","9","False","False",""
"1","1","Case of the Shifting Visage","mkc","Near Mint","English","","","2025-12-20 13:12:20.170000","19","False","False",""
"1","1","Casey Jones, Back Alley Brute","tmc","Near Mint","English","","","2026-03-08 22:40:52.887000","22","False","False",""
"1","1","Cass, Hand of Vengeance","pip","Near Mint","English","","","2025-12-20 13:07:15.227000","97","False","False",""
"1","1","Cast into the Fire","ltr","Near Mint","English","","","2025-08-17 02:16:26.873000","118","False","False",""
"1","1","Cast Out","dsc","Near Mint","English","","","2025-12-22 04:28:46.833000","98","False","False",""
"1","1","Castle Ardenvale","tdc","Near Mint","English","","","2025-12-26 01:47:27.553000","346","False","False",""
"1","1","Castle Embereth","tdc","Near Mint","English","","","2025-12-26 01:47:27.553000","347","False","False",""
"1","1","Castle Vantress","dsc","Near Mint","English","","","2025-12-22 04:43:19.297000","267","False","False",""
"1","1","Casualties of War","pip","Near Mint","English","","","2025-12-20 13:07:15.227000","213","False","False",""
"1","1","Cat","tmkc","Near Mint","English","","","2026-02-25 01:38:55.900000","15","False","False",""
"1","1","Cat","tmkc","Near Mint","English","","","2026-02-14 12:16:29.313000","15","False","False",""
"1","1","Cat","tcmm","Near Mint","English","","","2026-02-25 02:49:59.590000","30","False","False",""
"1","1","Cat","tscd","Near Mint","English","","","2026-02-16 05:47:52.607000","3","False","False",""
"1","1","Cat","tscd","Near Mint","English","","","2026-02-17 11:47:33.627000","3","False","False",""
"1","1","Cat","tone","Near Mint","English","","","2026-01-13 00:59:23.740000","1","False","False",""
"1","1","Cat","tone","Near Mint","English","","","2026-01-13 00:37:00.200000","1","False","False",""
"1","1","Cat Beast","tscd","Near Mint","English","","","2026-02-17 11:47:33.627000","4","False","False",""
"1","1","Cat Beast","tscd","Near Mint","English","","","2026-02-14 12:16:41.957000","4","False","False",""
"1","1","Cat Bird","tscd","Near Mint","English","","","2026-02-25 02:49:59.590000","5","False","False",""
"1","1","Cat Bird","tscd","Near Mint","English","","","2026-02-17 11:47:33.627000","5","False","False",""
"1","1","Cat Bird","tscd","Near Mint","English","","","2026-02-17 11:47:33.627000","5","False","False",""
"1","1","Cat Collector","fdn","Near Mint","English","","","2025-02-11 08:26:00.563000","4","False","False",""
"1","1","Cathar Commando","fdn","Near Mint","English","","","2025-02-05 13:23:44.833000","139","False","False",""
"1","1","Cathar Commando","fdn","Near Mint","English","","","2025-02-11 08:26:00.563000","139","False","False",""
"1","1","Cathartic Parting","dsk","Near Mint","English","","","2025-02-11 08:26:00.563000","171","False","False",""
"1","1","Cathedral Acolyte","pip","Near Mint","English","","","2025-12-20 13:07:15.227000","75","False","False",""
"1","1","Cathedral of War","eos","Near Mint","English","","","2025-08-17 01:26:28.890000","6","False","False",""
"1","1","Cat-Owl","tla","Near Mint","English","","","2025-12-27 02:04:28.330000","212","False","False",""
"1","1","Cauldron of Essence","sos","Near Mint","English","","","2026-05-08 12:02:52.723000","179","False","False",""
"1","1","Cauldron of Essence","sos","Near Mint","English","foil","","2026-05-08 11:29:57.987000","179","False","False",""
"1","1","Caustic Exhale","tdm","Near Mint","English","","","2025-04-12 21:46:46.227000","74","False","False",""
"1","1","Caustic Exhale","tdm","Near Mint","English","","","2025-04-12 21:27:46.387000","74","False","False",""
"1","1","Cave of Temptation","40k","Near Mint","English","","","2025-12-26 01:49:40.023000","267","False","False",""
"1","1","Caves of Koilos","dsc","Near Mint","English","","","2025-12-26 23:09:53.907000","268","False","False",""
"1","1","Caves of Koilos","dmu","Near Mint","English","","","2025-09-09 20:11:06.930000","244","False","False","0.99"
"1","1","Caves of Koilos","tdc","Near Mint","English","","","2025-12-26 16:19:34.917000","348","False","False",""
"1","1","Celestial Colonnade","eos","Near Mint","English","","","2025-08-17 01:26:28.890000","7","False","False",""
"1","1","Cemetery Reaper","scd","Near Mint","English","","","2025-12-20 13:07:15.227000","70","False","False",""
"1","1","Cemetery Tampering","dsc","Near Mint","English","","","2025-12-22 04:28:52.863000","135","False","False",""
"1","1","Cenote Scout","lci","Near Mint","English","","","2025-08-17 01:57:00.577000","178","False","False",""
"1","1","Cephalopod Sentry","one","Near Mint","English","","","2025-02-11 08:26:00.563000","198","False","False",""
"1","1","Cephalopod Sentry","one","Near Mint","English","","","2024-11-10 05:33:03.427000","198","False","False",""
"1","1","Cerebral Download","eoe","Near Mint","English","","","2025-08-19 18:44:47.930000","48","False","False","0.13"
"1","1","Chain Reaction","scd","Near Mint","English","","","2025-12-20 13:07:15.227000","126","False","False",""
"1","1","Champion of Lambholt","scd","Near Mint","English","","","2025-11-20 20:29:50.520000","174","False","False",""
"1","1","Champion of the Flame","cmm","Near Mint","English","","","2025-08-17 02:16:26.873000","210","False","False",""
"1","1","Champion of the Perished","scd","Near Mint","English","","","2025-12-26 23:09:53.907000","71","False","False",""
"1","1","Champion's Helm","pip","Near Mint","English","","","2025-12-26 23:09:53.907000","228","False","False",""
"1","1","Chandra, Heart of Fire","m21","Near Mint","English","","","2025-08-17 02:14:03.583000","135","False","False",""
"1","1","Chandra, Spark Hunter // Chandra, Spark Hunter","adft","Near Mint","English","","","2026-01-13 02:42:22.310000","20","False","False",""
"1","1","Chandra's Ignition","m3c","Near Mint","English","","","2026-03-03 03:57:12.930000","209","False","False",""
"1","1","Changeling Wayfinder","ecl","Near Mint","English","","","2026-02-06 02:01:02.213000","1","False","False",""
"1","1","Chaos Confetti","ugl","Near Mint","English","","","2025-06-11 00:32:00.917000","72","False","False",""
"1","1","Chaos Is My Plaything","dsc","Near Mint","English","","","2025-01-30 01:12:26.417000","329","False","False",""
"1","1","Chaos Spewer","ecl","Near Mint","English","","","2026-02-06 02:01:14.130000","210","False","False",""
"1","1","Chaos Warp","scd","Near Mint","English","","","2025-12-20 13:07:15.227000","127","False","False",""
"1","1","Chaos Warp","ncc","Near Mint","English","","","2025-12-25 23:03:36.110000","266","False","False",""
"1","1","Chaos Warp","pip","Near Mint","English","","","2025-03-06 09:29:02.203000","189","False","False",""
"1","1","Chaos Warp","otc","Near Mint","English","","","2025-12-25 22:37:19.180000","160","False","False",""
"1","1","Chaos Warp","drc","Near Mint","English","","","2025-02-13 12:14:58.850000","48","False","False","1.18"
"2","2","Charge of the Mites","one","Near Mint","English","","","2024-11-10 06:29:22.497000","6","False","False",""
"1","1","Charge of the Mites","one","Near Mint","English","","","2025-02-11 08:26:00.563000","6","False","False",""
"1","1","Charisma Bobblehead","pip","Near Mint","English","","","2025-12-20 13:07:20.400000","130","False","False",""
"1","1","Charitable Levy","mh3","Near Mint","English","","","2026-01-17 21:26:13.613000","21","False","False",""
"1","1","Charming Scoundrel","pwoe","Near Mint","English","","","2025-08-30 16:38:13.703000","124p","False","False","0.69"
"1","1","Charnel Serenade","mkc","Near Mint","English","","","2025-12-20 13:12:20.170000","26","False","False",""
"1","1","Cheatyface","und","Near Mint","English","","","2025-06-11 00:32:00.917000","20","False","False",""
"1","1","Checks and Balances","ugl","Near Mint","English","","","2025-06-11 00:32:00.917000","16","False","False",""
"1","1","Chief of the Foundry","brc","Near Mint","English","","","2025-12-25 23:48:40.830000","134","False","False",""
"1","1","Chilling Trap","j25","Near Mint","English","","","2025-03-08 19:06:48.603000","297","False","False",""
"1","1","Chimil, the Inner Sun","lci","Near Mint","English","","","2025-08-30 16:38:13.703000","249","False","False","16.09"
"1","1","Chimney Rabble","one","Near Mint","English","","","2025-02-11 08:26:00.563000","126","False","False",""
"2","2","Chimney Rabble","one","Near Mint","English","","","2024-11-10 05:36:14.980000","126","False","False",""
"1","1","Chitin Gravestalker","dft","Near Mint","English","","","2026-01-12 23:36:35.140000","79","False","False",""
"1","1","Chitinous Graspling","ecl","Near Mint","English","","","2026-02-06 02:01:14.130000","211","False","False",""
"1","1","Chittering Skitterling","one","Near Mint","English","","","2025-02-11 08:26:00.563000","87","False","False",""
"1","1","Chittering Witch","tdc","Near Mint","English","","","2025-12-25 23:25:29.223000","175","False","False",""
"1","1","Choked Estuary","scd","Near Mint","English","","","2025-11-20 20:51:48.867000","293","False","False",""
"1","1","Choked Estuary","mkc","Near Mint","English","","","2025-12-20 13:34:01.733000","254","False","False",""
"1","1","Choose Your Champion","dsc","Near Mint","English","","","2025-01-30 01:12:26.417000","330","False","False",""
"1","1","Choose Your Demise","dsc","Near Mint","English","","","2025-01-30 01:12:26.417000","331","False","False",""
"1","1","Chorale of the Void","eoe","Near Mint","English","","","2026-02-18 07:52:27.570000","91","False","False","0.34"
"1","1","Chromatic Lantern","m3c","Near Mint","English","","","2025-12-26 23:35:23.283000","285","False","False",""
"1","1","Chromatic Lantern","tmc","Near Mint","English","","","2026-03-09 11:57:39.163000","58","False","False",""
"1","1","Chromatic Lantern","cmm","Near Mint","English","","","2025-07-28 22:08:25.613000","376","False","False",""
"1","1","Chromatic Star","brr","Near Mint","English","foil","","2025-12-26 23:09:53.907000","74","False","False",""
"1","1","Chrome Companion","eoe","Near Mint","English","","","2025-08-17 03:03:26.607000","236","False","False",""
"1","1","Chrome Companion","eoe","Near Mint","English","","","2025-08-15 23:43:55.640000","236","False","False",""
"1","1","Chrome Courier","brc","Near Mint","English","","","2025-12-25 23:47:11.300000","123","False","False",""
"1","1","Chrome Mox","spg","Near Mint","English","","","2026-01-12 22:20:16.923000","92","False","False",""
"1","1","Chrome Prowler","one","Near Mint","English","","","2025-02-11 08:26:00.563000","45","False","False",""
"2","2","Chrome Prowler","one","Near Mint","English","","","2024-11-10 06:26:24.397000","45","False","False",""
"1","1","Chulane, Teller of Tales","mkc","Near Mint","English","","","2025-12-26 23:09:53.907000","202","False","False",""
"1","1","Cinder Barrens","scd","Near Mint","English","","","2025-11-20 20:51:48.867000","294","False","False",""
"1","1","Cinder Glade","scd","Near Mint","English","","","2025-11-20 20:56:07.453000","295","False","False",""
"1","1","Cinder Glade","40k","Near Mint","English","","","2025-02-10 13:37:44.843000","269","False","False",""
"1","1","Cinder Glade","ncc","Near Mint","English","","","2025-12-26 01:32:23.650000","394","False","False",""
"1","1","Cinder Glade","m3c","Near Mint","English","","","2025-12-21 22:46:40.553000","329","False","False",""
"1","1","Cinder Glade","pip","Near Mint","English","","","2025-11-20 14:46:27.920000","257","False","False",""
"1","1","Cinder Glade","tmc","Near Mint","English","","","2026-03-09 11:34:25.013000","61","False","False",""
"1","1","Cinderslash Ravager","one","Near Mint","English","","","2025-02-11 08:26:00.563000","200","False","False",""
"1","1","Cirith Ungol Patrol","ltr","Near Mint","English","","","2025-08-17 02:24:43.943000","80","False","False",""
"1","1","Citanul Hierophants","dsc","Near Mint","English","","","2025-12-22 04:28:59.933000","81","False","False",""
"1","1","Citanul Hierophants","scd","Near Mint","English","","","2025-12-20 13:07:01.870000","175","False","False",""
"1","1","Citizen","tsnc","Near Mint","English","","","2026-02-25 02:50:24.000000","12","False","False",""
"1","1","Citizen","ttdc","Near Mint","English","","","2026-02-25 01:38:37.413000","26","False","False",""
"1","1","Citizen","tsnc","Near Mint","English","","","2026-02-25 01:38:27.597000","12","False","False",""
"1","1","City of Brass","tmc","Near Mint","English","","","2026-03-08 21:46:54.147000","62","False","False",""
"1","1","City of Brass","md1","Good (Lightly Played)","English","","","2025-08-30 16:37:13.577000","15","False","False","14.85"
"1","1","City Pigeon","spm","Near Mint","English","","","2026-02-05 20:51:48.950000","4","False","False",""
"1","1","City Pigeon","spm","Near Mint","English","foil","","2026-02-06 01:41:37.653000","4","False","False",""
"1","1","City's Blessing","tmkc","Near Mint","English","","","2026-02-25 01:38:37.413000","28","False","False",""
"1","1","City's Blessing","tmkc","Near Mint","English","","","2026-02-24 15:10:00.480000","28","False","False",""
"1","1","Citywide Bust","scd","Near Mint","English","","","2025-12-20 13:07:01.870000","11","False","False",""
"1","1","Clachan Festival","ecl","Near Mint","English","","","2026-02-06 02:00:52.383000","10","False","False",""
"1","1","Claim the Precious","ltr","Near Mint","English","","","2025-08-17 02:24:43.943000","81","False","False",""
"1","1","Clamavus","40k","Near Mint","English","","","2025-02-10 13:37:44.843000","90","False","False",""
"1","1","Clammy Prowler","dsk","Near Mint","English","","","2025-02-11 08:26:00.563000","45","False","False",""
"1","1","Clamorous Ironclad","dft","Near Mint","English","","","2026-01-12 23:11:50.420000","117","False","False",""
"1","1","Clamorous Ironclad","dft","Near Mint","English","","","2025-02-11 08:26:00.563000","117","False","False",""
"1","1","Clan Defiance","scd","Near Mint","English","","","2025-12-20 13:07:20.400000","220","False","False",""
"1","1","Clan Defiance","clu","Near Mint","English","","","2025-03-06 03:27:11.223000","182","False","False","0.22"
"1","1","Clarion Conqueror","tdm","Near Mint","English","","","2025-07-24 16:06:54.180000","5","False","False",""
"1","1","Cleansing Nova","scd","Near Mint","English","","","2025-12-20 13:06:05.637000","12","False","False",""
"1","1","Cleon, Merry Champion","j25","Near Mint","English","","","2025-05-25 13:56:55.650000","47","False","False",""
"1","1","Clifftop Retreat","pip","Near Mint","English","","","2025-11-20 16:24:01.417000","258","False","False",""
"1","1","Clifftop Retreat","pip","Near Mint","English","","","2025-11-20 15:30:15.477000","258","False","False",""
"1","1","Clifftop Retreat","pip","Near Mint","English","","","2025-11-20 14:46:27.920000","258","False","False",""
"1","1","Clifftop Retreat","tdc","Near Mint","English","","","2025-12-26 01:32:23.650000","351","False","False",""
"1","1","Clocknapper","ust","Near Mint","English","","","2025-06-11 00:32:00.917000","29","False","False",""
"1","1","Close Encounter","eoe","Near Mint","English","","","2025-08-19 18:44:47.930000","176","False","False","0.13"
"1","1","Cloudblazer","scd","Near Mint","English","","","2025-12-20 13:06:05.637000","221","False","False",""
"1","1","Cloudfin Raptor","rvr","Near Mint","English","","","2025-08-17 02:28:53.167000","37","False","False",""
"1","1","Cloudpost","m3c","Near Mint","English","","","2025-12-21 22:36:47.260000","330","False","False",""
"1","1","Cloudsculpt Technician","eoe","Near Mint","English","","","2025-08-17 03:03:26.607000","49","False","False",""
"1","1","Cloudsculpt Technician","eoe","Near Mint","English","","","2025-08-15 23:05:37.250000","49","False","False",""
"1","1","Cloudspire Captain","dft","Near Mint","English","","","2025-02-11 08:26:00.563000","9","False","False",""
"1","1","Cloudspire Coordinator","dft","Near Mint","English","","","2025-02-11 08:26:00.563000","196","False","False",""
"1","1","Cloudspire Coordinator","dft","Near Mint","English","","","2026-01-12 23:08:03.897000","196","False","False",""
"1","1","Cloudspire Skycycle","dft","Near Mint","English","","","2026-05-08 12:31:54.397000","197","False","False",""
"1","1","Clue","totj","Near Mint","English","","","2026-02-27 23:13:15.707000","16","False","False",""
"1","1","Clue","totj","Near Mint","English","","","2026-01-13 00:59:18.537000","16","False","False",""
"1","1","Clue","tpip","Near Mint","English","","","2026-02-28 00:57:47.613000","11","False","False",""
"1","1","Clue","tpip","Near Mint","English","","","2026-02-28 00:58:58.353000","11","False","False",""
"1","1","Clue","tpip","Near Mint","English","","","2026-02-25 02:49:42.290000","11","False","False",""
"1","1","Clue","tpip","Near Mint","English","","","2026-02-27 23:10:46.570000","11","False","False",""
"1","1","Clue","tpip","Near Mint","English","","","2026-02-27 23:13:46.470000","11","False","False",""
"1","1","Clue","tmkc","Near Mint","English","","","2026-02-28 00:59:53.990000","22","False","False",""
